3609 4359
286 400 326 464 50
459 397 730 448 laurlrt·rlo.t·rs
749 399 959 448 omtroRJAE
982 399 1016 447 X.
1081 395 1150 458 [Vll.
1162 413 1202 462 ²9·
1328 327 1335 508 l

286 555 440 629 fecerimus,
458 556 575 616 invicem
596 557 691 633 prosit,
710 568 741 615 ut
761 556 913 616 scribendo
933 555 1062 617 dicamus
1083 555 1203 634 diligen·

286 655 347 724 tius,
361 653 480 715 dicendo
488 657 641 715 scribamus
651 654 763 716 facilius
791 655 977 714 Scribendum
987 675 1058 732 ergo
1069 657 1203 734 quotiens

285 753 393 824 licebit;
425 754 449 813 si
481 754 510 812 id
539 773 597 814 non
627 753 744 826 dabitur,
771 754 973 830 cogitandum
1010 754 1047 813 ab
1080 765 1202 833 utroque

285 853 388 912 exclusi
414 852 517 913 debent
543 868 635 914 tamen
659 855 698 913 sic
722 853 812 914 dicere
835 866 865 911 ut
891 872 984 932 neque
1006 854 1203 932 deprehensus

284 963 377 1012 orator
395 971 488 1032 neque
506 955 627 1031 litigator
646 954 793 1013 destitutus
812 969 875 1012 esse
895 952 1030 1013 videatur.

231 1057 273 1110 ³0
324 1047 489 1132 Plerumque
512 1065 604 1113 autern
625 1053 710 1112 multa
732 1051 880 1128 agentibus
905 1051 1006 1111 accidit
1026 1061 1058 1112 ut
1078 1053 1203 1112 maxime

284 1153 438 1212 necesaria
464 1162 491 1212 et
517 1153 611 1230 utique
638 1153 715 1211 initia
739 1151 870 1222 scribant,
891 1161 994 1222 cetera,
1015 1169 1090 1236 quae
1114 1151 1204 1211 domo
1232 1156 1234 1160 '
1333 1177 1338 1234 ς

283 1250 416 1324 adferunt,
437 1251 604 1329 cogitatione
631 1249 859 1328 complectantur,
884 1248 984 1308 subitis
1010 1267 1047 1308 ex
1072 1259 1203 1327 tempore
1334 1277 1338 1370 Ι

282 1361 448 1422 occurrant,
466 1349 544 1426 quod
557 1349 657 1409 secisse
676 1348 719 1408 ll.
733 1347 860 1407 Tullium
880 1347 1096 1408 commentariis
1114 1347 1203 1425 ipsius

283 1459 404 1526 apparet
444 1447 500 1508 Sed
520 1447 643 1506 senmtur
665 1447 783 1507 aliorum
803 1464 918 1524 quoque
940 1455 969 1506 et
990 1445 1096 1504 inventi
1119 1445 1202 1518 sorte,
1247 1522 1250 1527 ἡ

283 1558 314 1605 ut
330 1564 380 1606 eos
397 1546 521 1606 dictums
536 1547 654 1623 quisque
673 1557 877 1625 composuerat,
892 1556 920 1605 et
938 1547 968 1604 in
988 1545 1077 1605 libros
1091 1543 1201 1622 digesti,

283 1655 314 1705 ut
335 1662 490 1717 musarum,
512 1655 672 1722 quaesunt
695 1656 773 1705 actae
795 1665 812 1706 a
836 1644 937 1706 Servio
961 1644 1096 1722 Sulpicio,
1121 1644 1203 1704 cuius

284 1754 338 1802 tres
360 1743 501 1802 orationes
523 1753 638 1816 extant;
667 1745 716 1804 sed
742 1744 771 1802 hi
797 1744 833 1804 de
860 1744 965 1822 quibus
992 1745 1096 1823 loquor
1123 1762 1203 1804 com-

282 1841 408 1900 mentarii
430 1841 469 1900 ita
490 1851 557 1901 sunt
578 1843 669 1902 exacti
692 1854 722 1901 ut
744 1843 781 1901 ab
802 1845 865 1920 ipso
886 1843 956 1903 mihi
980 1844 1010 1902 in
1030 1844 1202 1916 memoriam

236 1953 272 2007 ει
283 1939 448 2018 posteritatis
458 1939 602 2000 videantur
619 1959 686 2001 esse>
701 1942 857 2019 compositi.
901 1942 978 2001 Nam
997 1929 1146 2003 Ciceronis
1165 1941 1203 2001 ad

216 2037 222 2046 ’
283 2057 415 2117 praeseus
437 2038 524 2098 modo
545 2048 655 2117 tempus
678 2049 789 2117 aptatos
812 2039 928 2100 libertus
947 2027 1022 2100 Tiro
1041 2041 1202 2101 contraxit:

282 2156 355 2216 quos
377 2155 436 2196 uon
456 2137 520 2197 ideo
546 2156 651 2198 excuso
676 2140 825 2215 quianon
851 2139 980 2216 probem,
1006 2138 1059 2199 sed
1085 2148 1117 2198 ut
1145 2140 1203 2198 sint

282 2238 373 2314 magis
391 2235 573 2296 admirabiles
613 2236 648 2294 In
668 2236 721 2296 hoc
742 2255 845 2313 genere
861 2255 981 2314 prorsus
1000 2237 1106 2315 recipio
1127 2237 1203 2297 hanc

282 2326 395 2396 brevem
414 2333 621 2395 adnotationem
638 2334 809 2412 libellosque,
823 2337 871 2412 qui
884 2335 929 2395 vel
946 2353 1035 2396 manu
1051 2344 1203 2395 teneantur
1305 2356 1312 2385 ·-

231 2437 272 2492 82
283 2446 312 2495 et
323 2434 360 2494 ad
377 2451 449 2512 quos
467 2433 577 2494 interim
595 2434 731 2510 respicere
751 2432 794 2493 las
812 2435 856 2492 sit.
897 2433 973 2492 Illud
991 2432 1071 2512 quod
1088 2432 1203 2494 Laenas

282 2533 415 2613 praecipit
432 2531 559 2609 displicet
575 2531 652 2604 mihi,
666 2543 693 2591 et
713 2533 742 2590 in
763 2532 895 2610 hisquae
916 2532 1114 2610 scripserimus
1127 2533 1203 2594 velut

282 2649 408 2692 summas
420 2631 450 2689 in
463 2630 696 2690 commentarium
708 2641 737 2688 et
749 2631 842 2708 capita
854 2629 994 2693 conferre.
1029 2630 1109 2691 Facit
1123 2631 1201 2692 enim

283 2729 426 2792 ediscendi
451 2728 655 2806 neglegentiam
680 2727 750 2788 haec
771 2729 832 2806 ipsa
857 2729 961 2789 fiducia
984 2742 1013 2790 et
1040 2729 1202 2790 laceratae

282 2829 419 2890 deformat
431 2828 597 2888 orationem.
636 2827 701 2904 Ego
717 2837 811 2887 autem
829 2847 866 2888 ne
885 2827 1066 2888 scribendum
1084 2829 1203 2908 quidem

282 2939 352 3005 puto
371 2926 449 3006 quod
473 2944 533 2986 non
561 2926 648 2984 sinim
673 2926 810 2986 memoria
836 2927 1028 3004 persecutum
1059 2944 1129 2986 nam
1155 2928 1203 2988 hic
1338 2979 1342 3020 ἦ

283 3045 396 3106 qnoque
411 3025 511 3086 accidit
529 3033 561 3084 ut
579 3033 692 3084 revocet
711 3042 765 3084 nos
785 3025 919 3102 cogitatio
939 3027 975 3085 ad
992 3025 1040 3086 illa
1056 3025 1203 3087 elaborata
1313 3101 1315 3105 ,

231 3129 272 3185 88
282 3144 336 3187 uec
348 3127 419 3184 sinat
432 3133 608 3203 praesentem
618 3121 763 3183 fortunam
776 3124 904 3201 experiri
947 3124 993 3184 Sic
1007 3143 1114 3202 anceps
1129 3125 1203 3184 inter

244 3275 249 3285 .
282 3235 427 3303 unumque
442 3223 552 3282 animus
571 3231 689 3296 aestuat,
704 3239 770 3280 cum
788 3231 818 3281 et
836 3222 939 3300 scripta
955 3221 1076 3299 perdidit
1092 3231 1122 3282 et
1141 3242 1203 3284 non

282 3324 390 3401 quaerit
414 3317 502 3382 nova'
549 3319 606 3380 Sed
637 3321 673 3380 de
702 3319 840 3382 memoria
871 3320 1027 3380 destinatus
1058 3329 1102 3380 est
1127 3321 1202 3381 libro

282 3423 413 3502 proximo
435 3420 515 3482 locus
535 3438 590 3480 nec
615 3417 682 3479 huic
703 3420 774 3496 parti
795 3419 1019 3496 subiungendus,
1044 3419 1112 3499 quia
1136 3429 1202 3482 sunt

282 3519 519 3598 aliapriusuobis
531 3517 659 3578 dicenda
