3609 4359
382 412 400 469 6
579 422 605 469 I
605 420 788 469 turrano
791 420 854 468 l‘IS
874 420 1087 469 ORATORIAE
1218 416 1248 481 [l.
1265 434 1305 485 ²4·
1365 420 1367 424 ’

381 576 593 647 Demosthenes,
608 574 728 636 Horatio
742 596 808 636 vero
824 567 910 635 etiam
926 578 1096 635 Homerus
1088 595 1149 654 ipse
1168 576 1353 638 videatur.

329 679 368 735 25
383 676 488 734 Summi
508 677 584 734 enim
611 687 683 745 sunt,
704 674 836 734 homines
859 688 964 744 tamen,
991 677 1151 752 acciditque
1174 675 1219 735 his
1246 678 1304 753 qui,
1340 520 1368 737 l

381 774 515 851 quidquid
534 774 609 850 apud
622 773 683 832 illos
702 785 892 848 reppererunt,
907 773 1018 831 dicendi
1036 774 1130 849 legem
1148 784 1258 851 putant,
1274 785 1306 832 ut

381 872 515 930 deteriora
537 872 677 930 imitentur
698 870 740 947 (id
761 872 837 928 enim
860 884 903 929 est
928 869 1051 949 facilius)
1075 890 1109 931 ac
1132 890 1164 931 se
1188 872 1305 931 abunde

327 974 369 1028 26
381 971 484 1030 similes
495 980 592 1047 putent
605 970 629 1027 si
641 970 706 1027 vitia
719 986 888 1043 magnorum
903 980 1125 1045 consequantur
1167 968 1344 1030 Modesto

380 1081 474 1128 tamen
486 1079 515 1127 et
530 1069 733 1143 circumspecto
754 1065 858 1124 iudicio
874 1065 910 1123 de
929 1066 1015 1123 tantis
1027 1067 1095 1125 viris
1115 1046 1355 1144 pronuntian-'

379 1168 447 1227 duni
465 1176 516 1238 est,
536 1185 581 1237 ne,
598 1164 676 1241 quod
695 1164 835 1240 plerisque
855 1162 967 1234 accidit,
988 1162 1127 1223 damnent
1147 1183 1222 1243 quae
1243 1184 1304 1225 ιιοιι

378 1265 548 1341 intellegunt.
588 1263 669 1321 Ausi
689 1280 804 1320 neeesse
821 1261 913 1319 estin
934 1260 1055 1320 alteram
1069 1280 1162 1321 errare
1184 1274 1354 1351 partein,

375 1365 475 1422 'omnia
496 1379 594 1422 eorum
614 1360 774 1437 legentibus
793 1358 905 1436 placere
930 1375 1019 1436 quain
1041 1360 1133 1418 niulta
1154 1352 1355 1438 displicere
1351 1384 1355 1391 ‘¹

380 1668 525 1733 poetarum
547 1654 682 1731 multique
704 1654 765 1712 eius
787 1654 921 1714 iudicium
946 1666 1112 1732 sequuntur,
1134 1674 1229 1733 neque
1249 1655 1304 1713 im·

379 1755 484 1812 merito.
525 1751 656 1829 Namque
678 1754 715 1811 ab
738 1752 783 1812 his
802 1753 832 1811 ln
855 1753 940 1813 rebus
963 1753 1079 1830 spiritus
1106 1765 1135 1813 et
1159 1755 1191 1812 iri
1211 1751 1346 1813 uerbis*-

273 1930 276 1933 .
379 1851 533 1910 sublimitas
552 1862 581 1909 et
603 1852 633 1908 in
653 1849 809 1909 adfectibus
832 1861 927 1911 motus
947 1851 1043 1909 omnis
1066 1863 1095 1911 et
1118 1851 1148 1910 in
1171 1850 1305 1929 personis

380 1949 466 2007 decor
490 1949 599 2025 petitur,
621 1949 827 2025 praecipueque
849 1948 925 2007 uelut
950 1949 1044 2007 attrita
1067 1949 1213 2009 cotidiano
1236 1958 1356 2008 actu

202 2097 207 2105 .
295 2065 309 2107 e
380 2045 504 2106 lorensi
496 2049 607 2123 ingenia
620 2049 726 2123 optime
739 2064 832 2110 rerum
846 2045 945 2104 talium
965 2045 1103 2106 blanditia
1119 2032 1361 2137 &parantum

381 2144 538 2221 ideoque
530 2162 560 2201 in
588 2144 641 2208 hac
669 2144 790 2205 lectione
815 2141 917 2203 Cicero
949 2145 1187 2222 requiescendum
1214 2155 1301 2221 putat.

325 2248 369 2303 88
381 2240 593 2302 Meminerimus
613 2253 709 2300 tamen
728 2260 787 2300 nori
807 2260 858 2317 per
876 2242 976 2301 omnia
992 2253 1093 2318 poetas
1112 2260 1177 2302 esse
1197 2241 1303 2302 oratori

380 2339 540 2417 sequendus
551 2358 605 2399 nee
624 2338 751 2398 libertate
765 2340 914 2399 uerborum
933 2358 986 2399 nec
1002 2339 1117 2399 licentia
1131 2336 1326 2418 figurarum:
1355 2333 1365 2421 '3

379 2438 520 2515 poeticam
540 2437 720 2496 ostentationi
746 2449 941 2512 comparatam
971 2449 1001 2496 et
1027 2449 1140 2514 praeter
1166 2438 1197 2497 id
1223 2436 1367 2516 quod,t

379 2535 470 2594 solam
482 2535 552 2610 petit
566 2533 747 2611 voluptatem,
761 2552 882 2611 eumque
902 2535 989 2593 etiam
1007 2534 1144 2612 fingendo
1158 2554 1218 2595 nori
1232 2535 1304 2595 falsa
1337 2480 1390 2677 44

380 2632 468 2692 niodo
480 2632 530 2692 sed
543 2634 627 2691 etiam
645 2632 786 2710 quaedam
803 2631 979 2692 incredibilia
998 2644 1129 2705 sectatur,
1144 2634 1304 2711 patrocinio
1364 2644 1381 2783 4

325 2741 368 2798 aa
381 2748 494 2810 quoque
513 2730 609 2808 aliquo
628 2730 721 2800 tui-ari,
742 2730 822 2807 quod
849 2730 972 2808 adligata
996 2730 1034 2789 ad
1061 2742 1169 2791 certani
1196 2732 1304 2810 pedum

382 2828 574 2888 neoessitatein
592 2846 651 2888 iion
670 2846 782 2904 semper
799 2828 840 2887 uti
857 2828 980 2905 propriis
996 2829 1094 2905 possit,
1113 2829 1166 2888 sed
1184 2830 1305 2907 depulsa
1355 2814 1356 2817 ’

380 2939 457 2987 ieci
477 2928 521 2984 va
540 2926 698 2985 mmo
720 2926 759 2984 ai
782 2925 934 3004 nquinat
959 2927 1105 3002 quaeram
1132 2927 1305 2987 reveniens
1340 2908 1354 3003 ,³

380 3023 529 3100 coulugiat
538 3042 592 3083 nec
600 3022 707 3082 inutaie
719 3023 860 3100 quaedam
872 3024 961 3085 modo
972 3024 1065 3096 verba,
1074 3024 1126 3085 sed
1138 3025 1303 3097 extendere,
1332 3006 1356 3141 4

380 3122 535 3198 uunripere,
547 3134 717 3191 convertere,
732 3121 852 3182 dividere
865 3134 999 3198 ungatur:
1022 3140 1079 3201 nos
1092 3140 1161 3182 vero
1177 3086 1318 3183 armatosl
1331 3145 1345 3157 ··
1358 3194 1362 3205 4

327 1502 368 1613 {7
380 1461 571 1616 malliililllum
584 1556 651 1616 dicit
659 1556 764 1616 oratori
776 1554 904 1617 conferre
916 1555 1136 1633 Theophrastus
1149 1557 1303 1617 lectionem
1282 1159 1379 1760 ’4

380 3230 453 3277 stam
464 3219 494 3277 iu
505 3219 566 3278 acie
578 3230 608 3278 et
621 3219 740 3277 summis
752 3218 789 3278 de
800 3219 886 3279 iebus
897 3219 1090 3295 decernereet
1103 3220 1141 3279 sd
1154 3220 1304 3281 victoriam
1341 3280 1347 3313 4

326 3318 441 3380 boniti.
479 3316 901 3395 Nequeegoaiuiasqualere
923 3318 1304 3396 situnenibigineveliui,
1335 3332 1354 3374 5:

382 3412 1353 3507 ssdlnlgureniiniiseoeequiterreatqualisestlerriwquo

382 3511 930 3625 nienssimulvisusqusnpraestringitur,
942 3511 1320 3605 nonqualisauriargen
1316 3488 1365 3629 4

1132 3744 1135 3748 .
1205 3716 1318 3757 ”4.4ιςι444·
1332 3715 1361 3735 ,Ata

1249 3804 1275 3837 ¹1.
1302 3808 1367 3836 i

1301 3832 1368 3873 sust*

1254 3866 1361 3899 ‘'xstitit-

1260 3929 1362 3997 ,mu
