3609 4359
323 422 363 490 45
530 427 803 476 rnsrrrurroms
823 427 1036 477 onarorran
1136 353 1305 504 [VH-⁸·i}

323 584 441 646 suetudo
461 594 490 644 et
508 585 669 644 exercitatio
689 583 848 644 facilitatem
868 585 995 644 maxime
1016 584 1106 662 parit:
1129 581 1248 661 quaesi
1303 565 1305 572 ’

323 685 437 762 paulum
452 685 607 743 intermissa
621 684 709 754 luerit,
723 701 783 742 non
797 684 930 742 velocitas
948 683 995 742 illa
1009 684 1097 742 modo
1112 682 1248 752 tardatur,
1305 723 1307 730 1

323 784 374 842 sed
388 784 480 859 ipsum
493 801 526 843 os
539 783 595 842 coit
609 794 692 859 atque
707 783 856 840 concurrit.
885 781 1070 858 Quamquam
1085 780 1163 840 enim
1173 796 1249 856 opus
1296 773 1300 803 ¹

324 895 364 941 est
387 883 503 939 naturali
524 881 646 958 quadam
670 880 821 939 mobilitate
844 880 940 951 animi,
962 892 1001 953 ut,
1023 881 1094 940 dum
1114 879 1249 958 proxima
1304 937 1307 945 ,

325 981 450 1052 dicimus,
473 992 579 1040 struere
602 980 732 1039 ulteriora
759 979 901 1055 possimus
923 997 1093 1057 semperque
1111 980 1248 1039 ‘nostram

291 1090 421 1144 Ovooem
445 1081 554 1157 provisa
577 1091 605 1137 et
626 1077 744 1136 lormata
764 1077 899 1153 cogitatio
920 1077 1062 1154 excipiat;
1082 1077 1129 1135 vix
1150 1085 1248 1135 tamen
1302 1131 1309 1178 χ

322 1191 369 1238 aut
390 1189 490 1237 natura
509 1188 557 1236 aut
580 1177 651 1236 ratio
671 1178 700 1234 in
720 1187 778 1234 tam
798 1174 946 1251 multiplex
966 1175 1092 1234 officium
1113 1174 1248 1234 diducere
1310 1207 1313 1254 3

321 1280 446 1336 animum
458 1287 542 1352 queat
555 1285 585 1334 ut
598 1275 758 1346 inventioni,
774 1267 961 1351 dispositioni,
975 1273 1138 1344 elocutioni,
1152 1270 1248 1332 ordini
1311 1259 1315 1378 ἱ

322 1392 414 1434 rerum
427 1376 641 1451 verborumque,
655 1384 714 1432 tum
728 1373 762 1432 iis
776 1390 851 1450 quae
866 1371 942 1442 dicit,
956 1387 1030 1448 quae
1044 1370 1248 1430 subiuncturus
1291 1410 1302 1456 ἦ
1623 1427 1632 1445 ,

323 1483 375 1542 ost,
387 1489 461 1550 quae
480 1472 552 1529 ultra
571 1471 724 1548 spectaMa
744 1480 818 1541 sunt,
831 1469 959 1529 adhibita
977 1466 1247 1545 vocispronuntia·
1624 1459 1633 1471 “

272 1571 416 1642 lotionis,
440 1581 534 1646 gestus
560 1570 763 1642 observatione,
788 1585 846 1627 una
869 1567 997 1627 sufficiat.
1038 1565 1143 1642 Longe
1168 1565 1248 1625 enim

323 1667 472 1744 praecedat
482 1676 593 1742 oportet
605 1667 724 1726 intentio
736 1686 770 1726 ac
783 1686 850 1745 prae
863 1685 895 1726 se
906 1685 951 1725 res
963 1674 1039 1744 agat,
1050 1674 1247 1743 quantumque

323 1764 445 1823 dicendo
471 1765 654 1835 consumitur,
676 1776 785 1823 tantum
812 1783 848 1825 ex
874 1764 977 1824 ultimo
1004 1773 1182 1841 prorogetur,
1207 1772 1247 1834 ut,

323 1862 414 1920 donec
425 1863 618 1938 perveniamus
627 1861 665 1920 ad
677 1861 772 1936 finem,
784 1880 844 1922 non
857 1864 953 1922 minus
964 1872 1117 1940 prospectu
1126 1859 1248 1938 proced-
1303 1915 1306 1922 .

323 1978 405 2019 amus
425 1977 513 2036 quam
532 1959 630 2035 gredo,
655 1959 760 2020 sinon
786 1960 988 2019 intersistentes
1015 1960 1248 2036 offensantesque

324 2057 416 2117 brena
441 2057 489 2115 illa
513 2069 597 2134 atque
622 2057 737 2116 concisa
769 2047 981 2135 singultantium
1014 2056 1105 2117 modo
1131 2054 1247 2117 eiecturi

323 2173 429 2214 sumus

279 2253 314 2308 11
364 2252 415 2312 Est
428 2253 511 2329 igitur
526 2271 593 2313 usus
606 2253 720 2331 quidam
739 2253 920 2325 inrationalis,
934 2271 1020 2332 quam
1035 2252 1140 2313 Graeci
1153 2255 1248 2329 ἄλογον

325 2352 411 2424 τριβὴ·
423 2364 530 2422 vocant,
544 2370 601 2429 qua
617 2369 720 2410 manus
735 2353 765 2410 in
782 2352 932 2412 scribendo
947 2352 1077 2424 decurrit,
1093 2369 1151 2430 qua
1168 2349 1247 2411 oculi
1321 2393 1325 2416 ,

323 2457 400 2507 totos
415 2449 499 2506 simul
512 2449 541 2508 in
554 2449 673 2508 lectione
686 2467 781 2509 versus
795 2450 941 2528 flexusque
954 2467 1055 2510 eorum
1069 2458 1098 2508 et
1111 2449 1247 2508 transitus
1316 2421 1324 2534 J

325 2545 466 2604 intuentur
482 2560 511 2605 et
526 2558 591 2607 ante
609 2547 754 2624 sequentia
772 2546 868 2606 vident
886 2564 974 2622 quam
992 2546 1087 2624 priora
1106 2545 1246 2606 dixerunt.
1322 2581 1326 2640 p

325 2641 395 2715 Quo
406 2655 537 2715 constant
549 2644 682 2703 miracula
699 2643 745 2702 illa
757 2645 787 2704 in
803 2645 913 2704 scaenis
932 2644 1095 2722 pilariorum
1109 2662 1144 2704 ac
1157 2643 1247 2704 venti·
1323 2643 1328 2740 l

325 2740 451 2808 latomm,
460 2751 490 2800 ut
502 2761 537 2802 ea
550 2761 622 2821 quae
634 2742 777 2802 emiserint
789 2743 863 2802 ultro
876 2743 970 2810 venire
984 2743 1013 2800 in
1026 2759 1131 2801 manus
1145 2741 1247 2802 credas
1310 2747 1324 2792 ι’

276 2844 354 2899 12et
373 2857 430 2915 qua
450 2840 579 2900 iubentur
600 2839 756 2901 decurrere.
797 2840 855 2902 Sed
878 2841 924 2901 hic
946 2857 1014 2900 usus
1041 2844 1081 2899 ita
1110 2839 1247 2918 proderit,

326 2938 397 2996 sica
409 2937 446 2996 de
463 2957 520 3016 qua
536 2939 620 3000 locuti
638 2957 735 2998 sumus
753 2958 800 2998 ars
817 2940 1008 3011 antecesserit,
1022 2947 1054 2998 ut
1069 2938 1163 3016 ipsum
1177 2937 1247 2997 illud

324 3034 404 3111 quod
416 3035 446 3094 in
459 3053 490 3095 se
503 3037 638 3097 rationem
653 3055 711 3095 non
727 3036 812 3096 habet
828 3037 858 3094 in
871 3026 979 3096 ratione
992 3044 1127 3096 versentr.
1168 3034 1248 3094 Nam
1317 3103 1324 3125 x

326 3133 394 3192 mur
412 3153 449 3193 ne
469 3135 560 3194 orere
579 3135 694 3213 quidem
712 3135 820 3194 viderur
837 3135 891 3192 nst
908 3133 959 3212 qur
977 3133 1122 3210 neposne,
1135 3142 1246 3206 ornate,
1308 3109 1314 3140 ¹

277 3234 316 3289 ta
327 3233 440 3307 copiose
453 3231 529 3305 dicit,
543 3233 594 3292 sed
611 3233 781 3292 tumultuari
821 3229 884 3291 Nec
897 3231 1003 3292 fortuiti
1021 3230 1162 3291 sermonis
1175 3247 1248 3290 con·

326 3338 434 3388 textum
454 3330 576 3390 mirabor
594 3347 740 3407 umquam,
754 3346 840 3407 quem
859 3329 1036 3406 iurgantibus
1056 3327 1144 3388 etiam
1164 3327 1247 3386 muli·

323 3427 426 3487 ‘ercnlis
438 3428 607 3504 superfluere
619 3428 709 3500 video,
723 3446 788 3488 curn
802 3443 839 3487 eo
851 3426 939 3504 quod,
954 3427 979 3486 si
991 3425 1072 3486 calor
1084 3443 1120 3508 ac
1132 3425 1253 3502 spiritus

327 3524 398 3596 tulit,
430 3525 588 3601 frequenter
619 3526 720 3586 accidit
751 3536 783 3585 ut
821 3541 983 3585 successum
1020 3523 1248 3601 extemporalem
1331 3457 1336 3632 1

278 3624 741 3701 14ωιικφιίοιιηηοιιροεείι
782 3622 878 3683 Deum
898 3620 1248 3697 tuncadluisse‚cuinid
1310 3629 1338 3786 p

1261 3775 1264 3780 ’
1335 3797 1339 3866 r

1335 3879 1340 3992 l

1602 4011 1633 4032 ..d

1251 4037 1502 4050 —.——-‘·-*--'
1514 4027 1595 4042 ‘'q''-
