3609 4359
489 385 595 452 1.125.]
802 389 919 440 rinna
944 391 1123 444 uncrinus.
1389 405 1428 466 23

488 544 608 604 felicitas
631 553 661 604 et
684 546 882 622 pronuntiatio
902 546 948 606 vel
972 548 1083 607 scaenis
1108 547 1258 609 suffectura
1281 561 1309 610 et
1333 551 1429 624 decor,

487 641 587 701 omnia
598 643 724 720 denique
734 645 770 715 ci,
781 661 856 720 quae
869 656 937 704 sunt
947 656 1036 717 extra,
1049 646 1264 722 superfuerunt:
1286 659 1315 708 et
1326 649 1429 711 Vrsrus

480 740 612 807 ,Cursrus
630 743 809 817 compositus
821 752 851 802 et
865 743 1008 803 iucundus
1021 754 1049 802 et
1063 743 1244 803 delectationi
1264 756 1357 818 natus,
1372 727 1428 824 priss
1501 813 1503 820 ,

487 839 558 896 vatis
572 850 670 898 tamen
682 840 777 898 causis
791 858 880 917 quarn
894 842 1016 918 publicis
1030 841 1139 900 melior.
1181 841 1265 903 Intro
1284 843 1428 916 Srcnnno,
1440 849 1503 906 tao

487 936 512 993 si
532 935 648 1011 longior
667 938 834 1013 contigisset
854 949 942 1011 aetas,
963 940 1152 999 clarissimum
1172 939 1300 1017 prolecto
1321 960 1429 1002 nornen

485 1034 609 1093 oratoris
627 1033 706 1109 apud
722 1046 855 1112 posteros
867 1037 960 1110 foret3
981 1038 1132 1098 adiecisset
1149 1039 1229 1096 enim
1246 1049 1333 1114 atque
1352 1040 1430 1098 adic-

486 1132 564 1190 iebat
581 1133 684 1192 ceteris
699 1134 849 1195 nautibus
869 1136 930 1196 suis
947 1135 1025 1212 quod
1046 1134 1199 1194 desiderari
1218 1146 1319 1212 potest,
1338 1135 1430 1196 idest

485 1239 581 1288 autem
599 1240 631 1290 ut
649 1241 728 1291 esset
746 1232 838 1292 multo
856 1234 951 1310 magis
970 1251 1091 1309 pugnax
1105 1241 1135 1291 et
1151 1233 1264 1310 saepius
1277 1232 1316 1292 ad
1329 1251 1428 1293 curam

485 1346 580 1386 rerum
608 1330 648 1388 ab
675 1330 840 1390 elocutione
871 1331 1035 1407 respiceret.
1089 1330 1226 1391 Ceterum
1256 1331 1429 1406 interceptus
1440 1338 1498 1394 121

484 1444 602 1504 qnoque
625 1445 768 1503 magnum
792 1429 846 1488 sibi
867 1429 995 1488 vindicat
1019 1427 1134 1490 locum:
1162 1446 1198 1487 ea
1221 1436 1265 1488 est
1287 1427 1428 1499 facundia,

485 1533 565 1583 tanta
578 1527 609 1584 in
622 1526 796 1603 explicando
806 1526 886 1604 quod
895 1527 962 1586 velit
975 1528 1075 1604 gratia,
1086 1535 1145 1586 tam
1156 1526 1311 1587 candidum
1324 1537 1354 1585 et
1368 1526 1430 1586 leve

483 1632 513 1680 et
533 1624 700 1699 speciosum
721 1624 836 1683 dicendi
856 1641 959 1700 genus,
979 1634 1058 1684 tanta
1077 1627 1228 1684 verborum
1248 1624 1334 1682 etiam
1354 1642 1429 1701 quae
1498 1656 1502 1705 2

483 1719 638 1795 adsumpta
651 1729 718 1779 sunt
737 1722 904 1798 proprietas,
919 1730 999 1780 tanta
1017 1722 1047 1779 in
1066 1722 1238 1799 quibusdam
1250 1739 1287 1779 ex
1301 1722 1430 1797 periculo

484 1819 581 1894 petitis
594 1817 794 1894 significantia.
837 1818 996 1877 Habebunt
1009 1819 1058 1895 qui
1073 1830 1138 1895 post
1151 1837 1205 1878 nos
1218 1819 1255 1878 de
1268 1819 1430 1900 oratoribus
1441 1821 1503 1876 122

482 1917 611 1974 scribent
637 1933 776 1993 magnam
803 1934 854 1974 eos
881 1917 932 1993 qui
961 1934 1038 1976 nunc
1064 1919 1162 1994 vigent
1189 1918 1334 1976 materiam
1364 1936 1429 1976 vere

483 2012 640 2084 laudandi;
669 2025 738 2072 sunt
765 2015 844 2072 enim
873 2031 988 2073 summa
1017 2013 1110 2084 hodie,
1136 2015 1239 2091 quibus
1266 2014 1430 2079 inlustratur

482 2111 587 2181 lorum,
617 2112 742 2187 ingenia.
789 2111 926 2188 Namque
953 2121 982 2170 ct
1009 2111 1201 2170 consummati
1229 2112 1286 2169 iam
1315 2113 1428 2188 patroni

410 2262 414 2270 ,
482 2210 627 2268 veteribus
641 2209 825 2268 aemulantur
833 2219 862 2268 et
872 2227 925 2268 eos
939 2209 1073 2268 iuvenum
1084 2208 1122 2268 ad
1132 2208 1241 2286 optima
1251 2211 1427 2269 tendentium

481 2307 609 2366 imitatur
622 2325 659 2366 ac
673 2309 802 2384 sequitur
816 2308 964 2366 industria

487 2454 502 2461 ..
523 2406 685 2482 Supersunt
698 2407 750 2484 qui
763 2405 800 2464 de
814 2405 998 2486 philosophia
1018 2406 1191 2485 scripserint,
1205 2424 1264 2483 quo
1278 2407 1307 2464 in
1322 2425 1427 2482 genere
1440 2409 1499 2466 128

479 2503 675 2582 paucissimos
694 2503 790 2564 adhuc
809 2505 978 2580 eloquentes
998 2505 1107 2563 litterae
1122 2504 1272 2564 Romanae
1292 2506 1426 2573 tulerunt.

480 2602 566 2661 Idem
586 2601 672 2678 igitur
691 2601 735 2660 M.
750 2600 895 2673 Tutunus,
911 2603 960 2678 qui
980 2603 1096 2679 ubique,
1113 2603 1199 2661 etiam
1217 2601 1247 2660 in
1266 2602 1321 2662 lroc
1339 2621 1427 2680 opere

480 2699 612 2760 Platonis
630 2700 763 2760 aemulus
782 2702 882 2760 extitit
925 2699 1067 2777 Egregius
1085 2718 1153 2760 vero
1169 2700 1319 2778 multoque
1337 2718 1427 2777 quam

480 2800 511 2859 in
523 2797 705 2858 orationibus
719 2799 910 2875 praestantior
921 2797 1043 2858 Bnurus
1056 2799 1167 2873 suffecit
1181 2799 1299 2874 ponderi
1313 2817 1426 2858 rerum:

479 2897 556 2956 scias
573 2915 642 2955 eum
661 2897 768 2956 sentire
786 2915 862 2974 quae
881 2896 958 2956 dicit
1002 2894 1118 2974 Scripsit
1137 2913 1197 2954 non
1215 2914 1317 2973 parurn
1337 2896 1427 2956 multa
1440 2903 1500 2960 124

480 2994 654 3056 Conunums
680 2993 804 3066 Csusus,
827 2993 944 3054 Sextios
967 3005 1091 3065 secutus,
1112 3010 1173 3052 non
1197 2994 1260 3052 sine
1284 2993 1363 3053 cultu
1391 3013 1426 3054 ac

396 3118 398 3121 ·
479 3093 583 3153 nitore.
624 3092 816 3152 Pacorusin
837 3091 944 3152 Stoicis
966 3109 1060 3152 rerum
1082 3091 1241 3169 cognitioni
1263 3091 1348 3152 utilis.
1389 3091 1427 3152 Iu

478 3191 631 3269 Epicureis
649 3190 720 3250 levis
737 3190 931 3269 quidem-,sed
952 3207 1011 3250 non
1031 3189 1204 3250 iniucundus
1215 3201 1313 3249 tamen
1326 3185 1427 3251 auctor

388 3363 393 3372 ‚
477 3299 524 3350 est
541 3273 664 3350 Carnus
703 3287 751 3348 Ex
774 3287 914 3348 industria
934 3288 1075 3350 Sanncmr
1094 3288 1125 3346 in
1143 3288 1222 3348 omni
1239 3285 1425 3365 genere'eto
1437 3295 1498 3352 tat

477 3388 615 3467 quentiae
627 3385 725 3446 distuli
743 3397 862 3464 propter
881 3386 1027 3464 vulgatam
1042 3387 1115 3446 falso
1129 3387 1167 3446 de
1184 3405 1231 3444 me
1246 3386 1425 3463 opinionem,

380 3472 383 3476 ’
443 3523 449 3532 ‚,
477 3503 537 3564 qua
549 3485 691 3544 &muare
701 3501 770 3543 euru
783 3497 812 3545 et
825 3485 952 3544 invisum
961 3503 1079 3562 quoque
1093 3484 1199 3544 habere
1212 3501 1278 3542 sum
1291 3483 1425 3557 creditus,

380 3554 388 3599 ¹
476 3581 569 3656 Quod
578 3581 846 3643 acciditmibidurn
857 3591 1024 3660 corruptum
1033 3591 1064 3642 et
1073 3583 1209 3643 omuibus
1218 3582 1292 3641 vitiis
1302 3580 1424 3649 fractum
