3609 4359
465 434 483 479 ι.
497 424 550 489 ει.)
773 424 888 473 eruar
911 424 1090 473 necturus,
1367 434 1405 497 15

462 587 628 646 industriam
649 604 726 645 nova
744 584 828 645 laude
846 584 994 663 reparavit.
1037 584 1201 645 Xsuorrron
1221 604 1281 644 non
1298 587 1403 646 excidit

463 685 540 757 mihi,
556 685 606 743 sed
621 684 694 741 inter
707 682 896 761 philosophos
911 682 1074 741 reddendus
1089 694 1140 741 est

503 782 635 857 Sequitur
653 795 799 841 oratorum
817 783 919 855 ingens
941 799 1053 851 manus,
1068 792 1099 839 ut
1117 799 1184 840 cum
1202 781 1302 841 decern
1318 784 1404 842 simul
1416 780 1458 835 ’16

384 918 387 925 -
464 877 586 939 Athenis
606 894 684 939 aetas
705 899 763 938 una
782 880 882 938 tulerit
924 880 1058 951 Quorum
1080 880 1167 954 longe
1188 880 1323 957 princeps
1343 880 1403 939 Dr-

463 996 631 1039 rrosruuurs
649 996 694 1037 ue·
706 997 797 1055 paene
817 979 862 1037 lex
881 977 982 1063 orandi
1003 977 1070 1035 luit:
1092 988 1170 1035 tauta
1185 979 1225 1035 vis
1240 969 1270 1035 iri
1284 998 1330 1050 eo,
1344 990 1404 1038 tam

462 1077 553 1136 densa
566 1077 672 1147 omnia,
687 1076 725 1134 ita
739 1075 912 1153 quibusdam
927 1076 1020 1134 nervis
1040 1076 1148 1134 intenta
1166 1087 1241 1148 sunt,
1256 1088 1316 1134 tam
1335 1076 1404 1134 nihil

462 1176 596 1244 otiosum,
614 1174 639 1231 is
658 1174 772 1234 dicendi
792 1175 907 1246 modus,
923 1183 955 1232 ut
977 1192 1032 1232 uec
1051 1172 1130 1251 quod
1148 1174 1220 1231 desit
1239 1174 1270 1232 in
1293 1192 1330 1233 eo
1349 1192 1404 1232 nec

463 1270 542 1349 quod
568 1270 709 1331 redundet
735 1272 870 1354 inuenies.
917 1270 1033 1331 Plenior
1059 1272 1225 1331 Auscuruss
1253 1281 1283 1329 et
1310 1270 1404 1348 magis
1417 1274 1458 1329 7⁷

462 1370 542 1428 lusus
560 1378 589 1428 et
606 1370 752 1443 grandiori
769 1370 877 1441 similis,
892 1388 952 1446 quo
972 1370 1069 1428 minus
1090 1372 1203 1428 strictus
1223 1380 1285 1443 est;
1310 1371 1404 1430 carnis

463 1482 558 1526 tamen
579 1469 644 1545 plus
665 1468 759 1538 habet,
780 1469 876 1526 miuus
897 1468 1077 1527 lacertorum.
1119 1466 1220 1527 Dulcis
1248 1468 1278 1526 in
1303 1468 1404 1547 primis

461 1578 490 1626 et
516 1555 624 1625 vacutus
660 1565 837 1636 Hreuarnrs,
871 1564 923 1624 sed
957 1566 1118 1625 minorihus
1147 1567 1313 1625 causis-ut
1342 1585 1403 1627 uon

462 1668 582 1725 dixerim
608 1665 837 1740 utilior—magis
862 1648 927 1742 pan
964 1662 1021 1722 His
1050 1676 1142 1723 aetate
1171 1666 1274 1725 Lrsms
1301 1667 1401 1736 maior,
1415 1680 1457 1735 78

463 1760 571 1823 subtilis
598 1773 685 1840 atque
712 1763 828 1840 elegans
855 1774 883 1821 et
905 1781 964 1840 quo
992 1764 1071 1834 nihil,
1094 1764 1117 1821 si
1138 1765 1242 1821 oratori
1272 1765 1342 1823 satis
1367 1765 1405 1823 sit
1441 1762 1442 1765 ’

462 1863 575 1933 docere,
597 1880 718 1937 quaeras
742 1860 909 1938 perfectius3
941 1862 1010 1919 nihil
1036 1863 1115 1920 enim
1142 1871 1186 1921 est
1213 1864 1308 1932 inane,
1332 1862 1402 1921 nihil

462 1961 639 2030 arcessitum,
660 1978 734 2037 puro
754 1971 849 2018 tamen
870 1959 940 2016 lonti
961 1977 1050 2035 quam
1071 1978 1180 2035 magno
1202 1960 1312 2018 flumini
1334 1979 1401 2037 pro-

462 2059 533 2134 pior.
576 2057 735 2116 Isocaurrs
763 2058 792 2114 in
819 2056 932 2115 diverso
961 2073 1069 2131 genere
1097 2056 1211 2141 dicendi
1238 2056 1345 2115 nitidus
1372 2066 1401 2115 et
1414 2059 1457 2114 79

462 2146 596 2232 comptus
609 2165 638 2214 et
652 2156 807 2231 palaestrae
821 2172 909 2231 quam
924 2172 1040 2231 pugnae
1055 2153 1148 2230 magis
1166 2144 1401 2213 accommodatus
1483 2174 1487 2186 ·

458 2271 564 2333 ⁴omnes
584 2252 699 2311 dicendi
720 2270 836 2311 veneres
864 2262 989 2311 sectatus
1008 2261 1062 2321 est,
1084 2270 1138 2311 nec
1158 2252 1320 2311 immerito:
1351 2272 1401 2311 au-

461 2352 569 2411 ditoriis
589 2353 667 2410 enirn
688 2368 729 2423 se,
749 2369 810 2409 non
830 2350 942 2409 iudiciis
962 2360 1161 2427 compararat:
1187 2350 1216 2407 in
1238 2351 1403 2411 inventione

399 2475 402 2481 ·
461 2449 559 2521 facilis,
581 2450 694 2509 honesti
714 2449 865 2520 studiosus,
886 2448 916 2506 in
945 2449 1156 2525 compositione
1184 2448 1258 2509 adeo
1280 2450 1403 2529 diligens

460 2560 492 2608 ut
510 2567 580 2608 cura
596 2549 657 2607 eius
673 2546 904 2625 reprehendatur.
947 2544 1052 2622 Neque
1071 2564 1129 2622 ego
1143 2548 1173 2605 in
1186 2546 1231 2606 his
1244 2547 1282 2610 de
1295 2550 1402 2625 quibus
1415 2556 1462 2611 80

413 2685 416 2690 -
460 2666 526 2707 sum
546 2647 660 2706 locutus
680 2645 732 2705 has
753 2645 829 2704 solas
845 2645 969 2715 virtutes,
986 2646 1037 2704 sed
1058 2644 1112 2705 has
1130 2647 1300 2724 praecipuas
1320 2659 1402 2727 puto,

460 2765 515 2805 uec
528 2757 640 2805 ceteros
654 2744 854 2821 parumfuisse
868 2762 1002 2817 magnos.
1044 2742 1124 2816 Quin
1139 2746 1224 2803 etiam
1238 2745 1403 2807 Puteanus
1439 2747 1443 2755 '

459 2844 539 2903 illum
561 2844 753 2915 Densum,
775 2860 953 2920 quamquam
974 2843 998 2900 is
1018 2843 1145 2919 primum
1168 2843 1322 2903 inclinasse
1342 2844 1402 2905 elo·

425 2963 428 2967 ’
458 2942 608 3021 quentiam
628 2941 738 3013 dicitur,
758 2940 879 2999 multum
908 2940 1029 3016 ingenii
1045 2939 1180 3000 habuisse
1200 2953 1229 3000 et
1251 2942 1402 3001 facundiae
1508 3017 1511 3024 Ι

377 3080 390 3127 Α
458 3039 558 3109 fateor,
572 3039 617 3099 vel
630 3040 671 3100 ob
684 3039 741 3099 hoc
754 3038 895 3098 memoria
909 3037 1039 3114 dignum,
1053 3038 1134 3116 quod
1151 3039 1268 3097 ultimus
1283 3050 1329 3098 est
1341 3039 1402 3099 lere

383 3116 419 3198 l'i
458 3158 495 3199 ex
514 3138 617 3197 Atticis
642 3138 692 3213 qui
711 3137 768 3197 dici
796 3138 886 3214 possit
913 3148 1026 3208 orator3
1057 3156 1147 3213 quem
1174 3147 1272 3197 tamen
1297 3138 1328 3196 iu
1352 3138 1402 3199 illo

373 3232 384 3276 ⁸⁴
457 3238 556 3298 medio
575 3254 681 3315 genere
701 3234 814 3295 dicendi
835 3236 959 3311 praefert
979 3236 1115 3295 omnibus
1137 3234 1248 3295 Cioero.

498 3336 749 3414 Philosophorum,
770 3334 932 3411 exquibus
960 3334 1116 3411 plurimum
1144 3352 1175 3393 se
1198 3335 1319 3395 traxisse
1342 3336 1400 3397 elo
1414 3344 1453 3398 81

377 3427 383 3441 '
457 3436 593 3513 quentiae
621 3433 664 3493 M.
683 3432 798 3493 Tullius
822 3431 982 3503 confitetur,
1003 3432 1067 3507 quis
1095 3433 1206 3491 dubitet
1233 3432 1401 3495 Pusruurrr

383 3589 397 3603 ,,
456 3551 524 3593 esse·
541 3532 727 3610 praecipuum
747 3532 804 3590 sive
825 3530 957 3589 acumine
978 3528 1135 3588 disserendi
1163 3530 1223 3589 sive
1244 3528 1423 3609 eloquendi

381 3620 384 3626 ’
434 3628 591 3691 'facultate
618 3629 714 3689 divina
734 3628 860 3706 quadam
884 3638 914 3686 et
943 3612 1121 3687 Homerica?
1171 3624 1299 3686 Multum
1320 3631 1401 3689 euim
1428 3680 1447 3693 ,,
