3609 4359
437 458 468 510 V.
483 453 537 519 ao]
749 454 862 504 LIBER
883 454 1063 505 DECIMUS.
1332 463 1370 523 41

437 617 527 676 toriae
541 633 762 692 nonnumquam
775 615 890 673 ubertas
902 613 933 673 in
948 615 1042 691 aliqua
1055 615 1207 675 exercendi
1225 617 1278 676 stili
1294 627 1375 694 parte

437 714 575 790 ponenda
588 725 616 772 et
631 713 808 789 dialogorum
824 713 952 772 libertate
966 713 1153 788 gestiendum.
1188 711 1235 772 Ne
1249 716 1376 774 carmine

437 813 556 889 quidem
583 811 682 870 ludere
706 813 879 869 contrarium
900 811 990 882 fuerit,
1013 811 1084 868 sicut
1104 810 1234 880 athletae,
1256 812 1376 870 remissa

437 909 612 987 quibusdam
646 911 822 985 temporibus
856 911 986 970 ciborum
1017 920 1103 984 atque
1136 909 1376 967 exercitationum

437 1019 516 1066 certa
535 1008 712 1078 necessitate,
730 1009 790 1067 otio
806 1018 835 1067 et
854 1008 1069 1066 iucundioribus
1090 1006 1181 1082 epulis
1202 1005 1376 1064 reficiuntur.

404 1131 408 1138 ·
437 1106 567 1182 Ideoque
591 1105 662 1164 mibi
682 1106 792 1165 videtur
816 1105 859 1166 M.
879 1106 994 1165 Tullius
1022 1116 1132 1164 tantum
1159 1102 1288 1162 intulisse
1315 1098 1426 1163 elo-10

436 1204 570 1281 quentiae
591 1202 697 1277 lumen,
711 1204 790 1282 quod
810 1205 840 1262 in
860 1204 915 1263 bos
935 1222 1051 1281 quoque
1070 1201 1229 1261 studiorum
1248 1219 1377 1262 secessus

437 1303 569 1362 excurrit.
609 1300 688 1362 Nam
712 1303 737 1362 si
760 1302 845 1362 nobis
868 1303 930 1361 sola
957 1300 1075 1360 materia
1099 1299 1183 1358 fuerit
1206 1318 1243 1358 ex
1271 1300 1377 1371 litibus,

437 1418 555 1460 necesse
575 1409 620 1460 est
639 1401 782 1461 deteratur
800 1399 894 1476 fulgor
910 1409 938 1458 et
959 1400 1093 1459 durescat
1112 1397 1247 1457 articulus
1267 1408 1296 1457 et
1315 1397 1377 1476 ipse

436 1497 483 1558 ille
496 1517 596 1558 mucro
609 1499 718 1576 ingenii
731 1497 874 1557 cotidiana
886 1515 986 1575 pugna
998 1497 1173 1556 retundatur.

478 1595 536 1656 Sed
555 1615 643 1675 quem
663 1596 701 1656 ad
722 1595 842 1654 modurn
862 1594 1024 1654 forensibus
1043 1595 1245 1655 certaminibus
1265 1595 1426 1655 eremi-17

436 1705 512 1754 tatos
525 1706 554 1754 et
564 1693 647 1772 quasi
661 1694 815 1752 militantes
828 1692 917 1752 reficit
929 1710 964 1752 ac
978 1704 1090 1773 reparat
1104 1693 1175 1752 haec
1185 1694 1260 1753 velut
1274 1696 1377 1772 sagina

437 1792 561 1865 dicendi,
586 1793 629 1852 sic
656 1791 855 1851 adulescentes
882 1808 944 1849 non
970 1790 1076 1849 debent
1102 1791 1222 1850 nimium
1249 1792 1281 1850 in
1303 1793 1377 1852 falsa

437 1909 532 1950 rerum
546 1890 673 1966 imagine
687 1889 816 1960 detineri,
831 1898 859 1947 et
872 1888 1004 1946 inanibus
1023 1888 1178 1948 simulacris
1196 1907 1288 1967 usque
1302 1892 1377 1950 adeo

435 1999 469 2047 ut
486 1987 609 2048 difficilis
629 1989 668 2047 ab
686 1987 730 2045 his
748 1986 894 2063 digressus
912 1986 948 2044 sit
968 1985 1144 2058 adsuescere,
1162 2004 1199 2046 ne
1218 1989 1255 2046 ab
1273 1989 1329 2062 illa,
1345 1991 1377 2047 in

436 2105 495 2165 qua
521 2105 613 2163 prope
641 2093 863 2156 consenuerunt,
885 2085 987 2142 umbra
1015 2102 1081 2143 vera
1107 2084 1273 2145 discrimina
1299 2087 1375 2147 velut

436 2185 583 2263 quendam
604 2184 697 2244 solem
718 2177 913 2244 reformident.
953 2180 1043 2255 Quod
1063 2182 1202 2242 accidisse
1221 2185 1309 2244 etiam
1331 2185 1374 2245 M.
1387 2180 1428 2235 1⁸

436 2282 541 2344 Porcio
561 2282 690 2356 Latroni,
713 2283 763 2359 qui
784 2282 894 2358 primus
915 2279 983 2339 clari
1004 2281 1129 2340 nominis
1150 2281 1295 2358 professor
1313 2285 1374 2358 fuit,

355 2439 359 2446 ,
435 2381 564 2454 traditur,
585 2392 627 2452 ut,
648 2399 716 2441 cum
737 2380 763 2438 ei
785 2397 929 2439 summam
949 2379 979 2436 in
1001 2377 1105 2438 scholis
1128 2380 1296 2455 opinionem
1323 2385 1377 2444 ob·

436 2480 538 2539 tinenti
562 2497 651 2538 causa
677 2479 708 2536 in
728 2477 793 2537 foro
814 2487 889 2536 esset
908 2476 1028 2547 oranda,
1050 2477 1181 2554 impense
1201 2480 1314 2555 petierit
1334 2485 1377 2542 uti

436 2577 570 2637 subsellia
604 2577 635 2635 in
668 2575 816 2634 basilicam
842 2573 1070 2634 transferrentur.
1120 2574 1165 2633 Ita
1191 2575 1232 2636 illi
1262 2579 1375 2638 caelum

436 2692 545 2734 novum
566 2673 619 2732 fuit
642 2683 674 2732 ut
698 2673 793 2732 omnis
814 2674 875 2731 eius
899 2673 1063 2750 eloquentia
1083 2673 1220 2734 contineri
1241 2685 1318 2735 tecto
1339 2695 1375 2736 ac

436 2770 590 2851 parietibus
603 2771 752 2830 videretur.
792 2769 891 2843 Quare
913 2771 1021 2830 iuvenis
1037 2771 1086 2848 qui
1105 2771 1243 2830 rationem
1263 2772 1426 2834 inveni-10

435 2870 504 2930 endi
528 2869 741 2947 eloquendique
761 2888 779 2928 a
800 2870 1033 2947 praeceptoribus
1057 2869 1208 2948 diligenter
1231 2873 1375 2948 acceperit

435 2968 529 3048 (quod
549 2985 609 3027 non
629 2977 674 3027 est
694 2968 797 3027 infiniti
816 2969 919 3046 operis,
936 2968 962 3028 si
982 2967 1084 3028 docere
1105 2969 1197 3028 sciant
1215 2980 1245 3028 et
1263 2969 1373 3050 velint),

355 3106 358 3111 »
435 3065 671 3127 exercitationem
691 3084 808 3144 quoque
831 3067 976 3126 modicam
998 3065 1080 3126 fuerit
1106 3079 1287 3141 consecutus,
1308 3088 1374 3129 ora·

434 3176 528 3226 torem
554 3164 609 3224 sibi
637 3164 772 3241 aliquem,
800 3164 880 3242 quod
908 3165 986 3241 apud
1013 3165 1136 3224 maiores
1164 3166 1224 3225 lieri
1252 3167 1372 3244 solebat,

434 3264 549 3341 deligat,
570 3281 660 3340 quem
681 3274 825 3340 sequatur,
846 3279 935 3339 quem
955 3263 1094 3322 imitetur:
1124 3263 1234 3323 iudiciis
1261 3266 1373 3342 intersit

433 3361 680 3441 quamplurimis,
700 3369 730 3419 et
750 3361 786 3418 sit
810 3361 972 3420 certaminis
993 3362 1039 3421 cui
1060 3360 1217 3421 destinatur
1236 3360 1373 3440 frequens

434 3469 590 3538 spectator.
628 3457 710 3516 Turn
730 3475 840 3532 causas,
861 3458 907 3517 vel
928 3458 1044 3518 easdem
1068 3477 1140 3536 quas
1167 3460 1215 3536 agi
1242 3460 1370 3536 audierit,
1384 3466 1429 3520 20

434 3557 501 3617 stilo
522 3565 553 3615 et
578 3555 641 3633 ipse
661 3564 828 3632 componat,
849 3555 894 3613 vel
915 3556 1002 3614 etiarn
1022 3555 1100 3628 alias,
1120 3574 1202 3617 veras
1222 3557 1321 3629 modo,
1342 3570 1372 3619 et

381 3723 384 3726 ,
433 3654 578 3734 utrimque
598 3663 698 3713 tractet
718 3662 754 3727 et,
776 3651 856 3731 quod
875 3653 906 3711 in
926 3653 1131 3730 gladiatoribus
1150 3655 1213 3714 fieri
1231 3655 1369 3731 videmus,
