3609 4359
323 383 360 428 22
521 379 799 430 rrsrrrurrorrrs
819 380 1035 429 orarorran
1142 377 1176 442 [r.
1191 393 1247 442 ιη.

321 533 477 611 praeferens
498 536 528 594 in
551 535 673 596 dicendo
699 534 872 596 nobriitatem
896 519 989 605 suam,
1014 535 1121 596 viribus
1144 537 1247 597 minor.
1350 533 1353 551 ¹

253 631 354 698 uae
374 650 441 693 vero
463 633 577 694 Caesar
601 635 624 693 si
646 632 708 694 soro
732 643 841 692 tantum
865 643 1004 705 vacasset,
1030 651 1090 693 non
1114 634 1188 694 alius
1210 649 1247 692 ex

320 732 421 792 nostris
438 745 536 792 contra
554 731 721 792 Ciceronem
743 732 943 792 nominaretur.
985 730 1084 801 Tanta
1103 732 1133 790 irr
1151 750 1188 793 eo
1206 731 1248 790 vis
1358 749 1364 776 t

318 841 370 900 est,
395 828 424 889 id
449 849 577 901 acumen,
603 849 638 890 ea
663 830 823 898 concitatio,
847 840 879 887 ut
906 828 986 887 illum
1011 830 1120 889 eodem
1147 830 1246 890 animo

318 928 421 987 dixisse
438 947 497 1008 quo
516 930 625 990 beliarit
643 939 793 1006 appareat3
813 938 934 986 exornat
948 938 1045 986 tamen
1062 928 1247 989 haecomnia
1319 1001 1321 1004 .

319 1027 389 1086 mira
412 1030 560 1097 sennonis,
585 1029 665 1088 cuius
693 1026 804 1103 proprie
837 1025 981 1084 studiosus
1008 1024 1068 1098 suit,
1094 1027 1246 1102 elegantia.

253 1133 307 1191 un
320 1123 441 1184 Multum
467 1127 570 1202 ingenii
596 1125 624 1183 in
647 1124 759 1184 Cancro
785 1133 813 1183 et
840 1123 994 1199 praecipue
1022 1123 1052 1181 in
1079 1124 1247 1183 accusando
1357 1153 1360 1166 ·

318 1223 406 1283 multa
422 1224 572 1294 urbanitas,
585 1223 743 1300 dignusque
756 1222 804 1293 vir,
818 1221 865 1280 cui
883 1229 913 1278 et
929 1237 1012 1278 mens
1028 1220 1132 1279 melior
1147 1231 1176 1280 et
1190 1222 1247 1279 vita
1358 1204 1365 1270 ι’

318 1322 428 1400 longior
443 1323 615 1398 contigisset.
655 1311 752 1380 Inveni
770 1320 819 1397 qui
838 1317 965 1379 Canvurr
985 1317 1163 1395 praeferrent
1183 1336 1246 1378 orn-
1365 1343 1373 1387 r

317 1419 409 1489 nibus,
422 1419 515 1476 inveni
533 1420 581 1496 qui
595 1417 728 1478 Ciceroni
746 1416 893 1476 crederent
907 1433 975 1476 eum
994 1415 1083 1474 nimia
1099 1424 1202 1475 contra
1214 1431 1247 1473 se

316 1516 456 1576 mannia
469 1533 564 1574 verum
581 1516 748 1591 sanguinem
766 1514 939 1592 perdidisse;
961 1513 1013 1572 sed
1034 1524 1079 1573 est
1096 1523 1126 1572 et
1146 1521 1247 1572 sancta

316 1621 346 1671 et
374 1613 463 1688 gravis
493 1614 581 1672 oratio
611 1623 639 1671 et
669 1613 805 1688 castigata
834 1623 864 1670 et
893 1610 1058 1689 frequenter
1089 1611 1247 1670 vehemens

316 1726 440 1786 qnoque.
488 1708 615 1767 imitator
646 1719 741 1769 autem
771 1721 815 1769 est
845 1710 1016 1782 Atticorum,
1047 1707 1172 1785 fecitque
1205 1707 1247 1766 iili
1359 1695 1362 1700 ’

318 1817 468 1885 properata
485 1824 564 1866 mors
583 1805 718 1876 iniuriam,
739 1807 851 1884 siquid
874 1807 1036 1866 adiecturus
1059 1807 1114 1866 sibi
1137 1824 1198 1864 non
1221 1805 1246 1864 si

252 1904 384 1982 nequid
410 1903 580 1962 detracturus
607 1903 673 1963 fuit-
705 1903 742 1963 Et
769 1903 892 1965 Srrtvrus
921 1903 1074 1972 Suurrcrus
1101 1903 1246 1979 insignem

317 2020 377 2063 non
396 2001 535 2061 inmerito
553 2000 657 2061 tamam
677 2003 767 2061 tribus
786 2004 962 2062 orationibus
982 2004 1094 2065 meruit.
1143 2000 1245 2072 Multa,

316 2097 342 2156 ti
366 2115 431 2156 cum
458 2098 560 2160 iudicio
584 2101 702 2175 legatur,
728 2098 806 2159 dabit
829 2100 987 2158 imitatione
1011 2099 1102 2176 digna
1125 2098 1246 2159 Cassrus
1354 2123 1360 2155 r

319 2193 454 2266 Smrns,
474 2197 522 2274 qui
545 2197 569 2256 si
589 2198 688 2258 ceteris
711 2197 855 2256 tirtutibus
877 2197 1004 2256 colorent
1027 2207 1056 2256 et
1079 2198 1245 2274 gravitatem
1363 2261 1366 2280 ,

254 2296 308 2356 nt
318 2295 451 2354 orationis
463 2294 619 2367 adiecisset,
630 2295 779 2372 ponendus
792 2296 865 2354 inter
874 2295 1047 2372 praecipuos
1058 2294 1139 2354 screa
1167 2293 1246 2354 Nam
1352 2285 1365 2350 ,ἕ

318 2400 347 2449 et
367 2389 471 2468 ingenii
492 2392 642 2469 plurimum
662 2404 707 2451 est
727 2393 757 2450 in
780 2410 817 2452 eo
837 2404 866 2451 et
887 2394 1029 2452 acerbitas
1052 2393 1127 2453 mira
1148 2403 1177 2452 et
1197 2410 1245 2451 ur·
1350 2464 1353 2474 Δ

318 2489 426 2571 bonitas
442 2499 471 2548 et
484 2488 582 2562 fervor,
597 2490 647 2549 sed
665 2489 728 2566 plus
746 2479 894 2549 stomacho
912 2508 1001 2568 quam
1020 2491 1141 2551 consilio
1158 2489 1245 2550 dedit.
1349 2475 1359 2518 ³⁴

319 2585 465 2646 Praeterea
487 2598 521 2656 ut
541 2587 629 2646 amari
650 2586 730 2656 sales,
752 2587 790 2647 ita
812 2587 974 2665 frequenter
999 2589 1160 2648 amaritudo
1182 2589 1245 2667 ipsa

251 2683 434 2746 uerrucula
445 2695 496 2744 est.
535 2684 605 2744 Sunt
618 2684 663 2743 alii
676 2684 755 2742 multi
768 2684 873 2756 diserti,
886 2702 963 2763 quos
976 2687 1108 2765 persequi
1123 2686 1244 2765 longum

317 2793 369 2842 est.
416 2781 524 2842 Eomm
552 2801 624 2860 quos
654 2782 772 2841 viderim
801 2781 950 2843 Dorrrrrus
975 2783 1061 2844 Am
1086 2793 1126 2843 et
1142 2766 1275 2868 Iunrus·
1351 2838 1353 2842 .

317 2879 482 2942 Aramum
500 2881 585 2958 longe
604 2878 845 2958 praestantissimi.
883 2877 1048 2940 Verborum
1065 2892 1126 2942 arte
1146 2883 1194 2942 ille
1214 2894 1244 2943 et

318 2990 379 3040 toto
402 2997 505 3056 genere
531 2977 642 3039 dicendi
667 2975 866 3055 praeferendus
893 2987 922 3037 et
950 2995 1037 3054 quem
1063 2979 1094 3038 in
1121 2997 1244 3040 numero

318 3087 443 3138 veterum
459 3076 562 3136 habere
578 3093 639 3135 non
657 3075 774 3135 timeas:
796 3073 842 3134 hic
859 3075 1034 3150 concitatior,
1054 3077 1106 3137 sed
1124 3078 1154 3136 in
1172 3096 1244 3140 cura
1307 3083 1311 3092 '
1333 3068 1349 3112 '¹

318 3175 467 3235 verborum
486 3174 589 3233 nimius
608 3182 638 3233 et
656 3169 865 3250 compositione
885 3190 1106 3252 nonnumquam
1127 3175 1244 3253 longior

318 3281 347 3336 et
363 3270 587 3355 nansiau‘onibus
602 3288 702 3349 parum
719 3269 858 3330 modicus.
897 3268 988 3332 Erant
1006 3271 1084 3332 clara
1102 3283 1131 3332 et
1149 3291 1244 3351 nuper
1345 3306 1349 3311 ·

251 3370 438 3448 mingen'u.
486 3367 563 3429 Nam
594 3379 623 3430 et
653 3369 833 3430 Tareninus
861 3367 1030 3447 pierumque
1057 3370 1188 3431 sublimis
1212 3383 1244 3432 et
1345 3355 1355 3430 ¹,

317 3469 386 3529 ntis
404 3481 518 3546 apertus
534 3468 586 3528 tuit
603 3477 633 3528 et
649 3466 823 3546 quemvelle
842 3467 952 3544 optima
971 3467 1111 3542 crederes,
1129 3470 1244 3530 auditus
1270 3551 1273 3555 .

317 3575 415 3626 nmen
431 3566 537 3641 maior;
556 3583 624 3626 nam
642 3575 673 3627 et
691 3565 777 3640 vocis,
798 3575 936 3656 quantam
955 3564 987 3626 in
1006 3565 1088 3628 nullo
1107 3553 1247 3648 cognovi,
1302 3599 1313 3652 g
1347 3555 1350 3560 ’
