3609 4359
337 373 374 430 16
532 384 620 433 1Λὶςῖ
616 383 658 432 ΙΤ
657 384 805 434 UTIONIS
825 383 1036 434 ORATORIAE
1163 382 1197 446 [l.
1212 388 1252 436 81.
1323 327 1330 450 i

333 555 417 614 supra
448 558 561 617 prosam
591 541 746 600 orationem
777 550 806 600 et
835 559 923 618 quarn
957 541 1119 618 pedestrem
1148 541 1252 602 Graeci

333 647 431 694 vocant
448 640 544 714 surgit,
557 652 588 697 ut
605 639 674 697 milti
691 658 750 698 non
767 640 889 698 bominis
907 639 1032 716 ingenio,
1051 641 1102 698 sed
1122 642 1252 719 quodam

279 738 322 793 88
335 733 461 811 Delphici
474 738 598 808 rideatur
615 738 728 798 oraculo
746 739 792 797 dei
811 737 966 798 instinctus.
1008 738 1087 811 Quid
1102 757 1159 815 ego
1172 757 1253 798 corn-
1303 813 1306 822 ‚

332 851 485 892 memorem
501 835 705 897 erornonrrs
723 837 799 895 illam
816 837 1018 895 iucunditatem
1039 837 1251 907 inadfectatam,
1321 795 1331 930 i

330 931 381 990 sed
406 949 490 1009 quam
521 935 598 993 nulla
623 937 760 1012 consequi
788 935 939 994 adfectatio
967 936 1079 1012 possit?
1113 947 1144 996 ut
1172 936 1253 1012 ipsae
1311 935 1330 992 l

329 1047 488 1089 sermonem
506 1031 620 1092 tinxisse
637 1017 752 1091 Gratiae
769 1032 924 1101 videantur,
942 1044 971 1091 et
990 1033 1070 1110 quod
1089 1033 1125 1091 de
1146 1031 1253 1092 Pericle
1308 1005 1331 1131 j

331 1129 428 1188 veteris
456 1131 621 1189 comoediae
653 1131 842 1189 testimonium
868 1139 912 1188 est
939 1131 968 1187 in
999 1129 1076 1189 hunc
1107 1130 1252 1189 transferri
1285 1145 1324 1212 ,ᾗ

331 1228 479 1286 iustissime
492 1231 588 1304 possit,
604 1229 635 1287 in
648 1228 733 1288 labris
745 1229 806 1286 eius
824 1228 929 1288 sedisse
946 1228 1094 1304 quandam
1115 1228 1251 1308 persuad7
1323 1246 1333 1310 q

278 1325 397 1389 csend
412 1327 502 1385 deam.
542 1326 620 1400 Quid
639 1326 811 1403 reliquomm
829 1326 1041 1385 Socraticorum
1059 1325 1251 1402 elegantiam?
1302 1319 1332 1334 ”

330 1423 408 1496 Quid
433 1424 655 1485 Arnrommrl
695 1424 791 1496 Quem
818 1425 918 1483 dubito
945 1423 1064 1482 scientia
1092 1439 1185 1480 rerum
1213 1441 1252 1482 an

283 1588 289 1604 .
330 1524 497 1599 scriptomm
517 1524 601 1599 copia
619 1542 656 1582 an
675 1524 826 1600 eloquendi
845 1523 980 1580 suavitate
1000 1539 1039 1580 an
1054 1520 1252 1580 inventionum

331 1621 458 1678 acumine
476 1639 513 1678 an
532 1623 661 1680 uarietate
681 1639 797 1698 operum
815 1621 962 1679 clariorem
978 1629 1084 1695 putem.
1102 1591 1207 1710 (Νῆα)
1221 1619 1251 1676 in

332 1715 545 1778 Tnnornrrsro
558 1731 615 1777 tam
631 1730 673 1778 est
692 1719 824 1796 loquendi
841 1719 915 1777 nitor
929 1718 974 1777 ille
988 1718 1100 1776 divinus
1117 1725 1148 1775 ut
1161 1735 1197 1776 ex
1215 1734 1251 1776 eo
1298 1697 1312 1747 ⁶·

277 1820 435 1874 unomen
461 1835 576 1892 quoque
601 1819 717 1876 traxisse
743 1817 860 1876 dicatur.
901 1815 999 1875 illinus
1025 1816 1168 1875 indulsere
1191 1816 1250 1873 elo·

331 1914 461 1990 quentiae
475 1914 561 1974 Stoici
574 1924 687 1987 veteres,
702 1916 751 1975 sed
766 1933 830 1974 curn
845 1915 965 1974 honesta
978 1926 1129 1973 suaserunt
1146 1924 1206 1972 tum
1221 1914 1251 1971 in
1267 1962 1276 1979 ,

330 2012 490 2088 colligendo
509 2015 712 2092 probandoque
732 2033 805 2092 quae
824 2014 999 2072 instituerant
1020 2013 1174 2089 plurimum
1192 2012 1250 2070 val·
1321 2089 1324 2102 ¹

244 2128 250 2136 ’
330 2121 438 2181 uerunt,
452 2113 535 2171 rebus
548 2124 644 2173 tamen
656 2112 730 2172 acuti
743 2113 833 2188 magis
846 2128 933 2189 quam
949 2108 990 2188 (id
1004 2109 1082 2186 quod
1102 2127 1173 2168 sane
1190 2126 1251 2168 non
1320 2117 1327 2168 k

331 2207 548 2287 adkdaverunt)
562 2212 688 2270 oratione
702 2210 854 2287 magnifici.
1328 2171 1332 2224 y

277 2316 320 2372 an
370 2305 451 2364 ldern
470 2309 552 2366 nobis
572 2327 623 2385 per
642 2308 788 2366 Romanos
808 2325 923 2385 quoque
943 2316 1073 2366 auctores
1089 2306 1162 2366 ordo
1180 2306 1249 2366 duc·

330 2403 420 2462 endus
436 2417 487 2464 est
526 2406 624 2484 ltaque
641 2417 672 2465 ut
691 2406 765 2482 apnd
786 2406 849 2464 illos
869 2405 1023 2476 Homerus,
1042 2405 1082 2465 sic
1101 2405 1179 2482 apud
1197 2422 1251 2464 nos
1309 2481 1313 2486 Ι

331 2501 489 2562 Vncmns
514 2505 766 2581 auspicatissimum
793 2503 915 2575 dederit¹
933 2503 1091 2575 exordium,
1119 2503 1249 2562 omnium
1319 2501 1323 2534 ²

331 2603 391 2660 eius
415 2603 526 2677 generis
552 2615 698 2680 poetarum
721 2601 895 2661 Graecorum
924 2613 1144 2678 nostrorumque
1171 2600 1250 2659 haud
1323 2589 1333 2668 i

278 2711 320 2765 88
332 2700 415 2758 dubie
435 2701 587 2775 proximus.
627 2699 700 2758 Utar
718 2700 794 2758 enim
812 2700 903 2758 verbis
923 2699 1013 2758 isdem
1032 2715 1107 2775 quae
1123 2717 1161 2756 ex
1178 2698 1251 2758 Afro
1329 2697 1333 2776 ᾗ

330 2796 458 2856 Domitio
482 2798 589 2856 invenis
619 2798 736 2874 excepi:
768 2797 818 2874 qui
849 2796 917 2854 mihi
949 2795 1133 2872 interroganti
1162 2813 1250 2872 quem
1318 2778 1327 2814 ι’

263 2963 273 2970 ..
330 2893 460 2955 Homero
482 2895 608 2954 crederet
633 2896 756 2954 maxime
782 2893 926 2964 accedere,
951 2889 1126 2964 ‘secundus'
1148 2893 1249 2970 inquit,
1328 2815 1333 2964 i

261 2983 306 3081 ᾖ
332 2996 390 3050 ‘ert
410 2991 557 3068 Vergilius,
578 2995 693 3069 propior
718 3004 813 3051 tamen
840 2992 933 3068 primo
955 3007 1042 3066 quarn
1069 2989 1170 3050 tertio'
1211 2990 1270 3058 Et,
1299 2967 1332 3132 *ἦ

209 3081 285 3182 ,ss
329 3088 442 3149 necue
455 3090 537 3149 utun
551 3104 667 3150 aarum
681 3090 792 3149 mensu
811 3102 895 3165 nque
909 3087 1060 3146 immortali
1073 3069 1278 3169 effluo&
1306 3099 1327 3164 >f

180 3162 215 3255 ,i
329 3162 513 3247 iammTet
530 3187 691 3265 diligentiae
709 3188 753 3247 rel
771 3186 883 3266 ideoin
903 3185 959 3246 hoc
976 3184 1042 3261 plus
1059 3185 1206 3261 estquod
1223 3185 1275 3243 eil
1317 3256 1323 3266 Ι

314 3260 382 3344 'fu'ii
393 3286 484 3363 magis
496 3285 682 3345 laborandum
691 3268 746 3373 ;(et
758 3294 895 3363 quantum
908 3283 1099 3342 eminentibus
1112 3283 1251 3342 vincimur
1310 3271 1320 3300 ⁷

180 3374 183 3395 ⁸
227 3347 286 3482 iq
330 3383 448 3442 fortasse
470 3383 637 3460 aequalitate
660 3371 826 3464 Q)
847 3379 951 3441 -Ceteri
973 3377 1184 3455 omnes'ionge
1204 3395 1250 3438 ee·
1302 3436 1304 3442 .

180 3490 187 3515 ⁸
279 3489 324 3546 87
332 3493 460 3560 quennrr.
498 3479 575 3540 Nam
591 3479 740 3542 tricaret
753 3478 918 3542 Lamnus
930 3478 1043 3556 legendi
1056 3477 1184 3556 quidem,
1197 3475 1250 3537 sed

181 3571 317 3669 Μ
332 3596 393 3638 non
404 3589 435 3637 ut
446 3581 552 3658 dja,
567 3579 596 3638 id
608 3594 652 3638 ert
663 3595 767 3654 oorpus
782 3577 960 3654 eloquentiae
978 3575 1090 3652 iaciant,
1104 3573 1251 3660 elegantes
1275 3599 1280 3609 ·
1298 3567 1301 3574 ’
1329 3547 1334 3734 Ι
