3609 4359
372 393 414 457 32
574 387 664 436 INST
660 387 703 434 ΙΤ
702 386 849 436 671οΝΙέ
868 385 941 436 oRA
946 385 970 433 T
967 384 1082 436 ORIAE
1196 382 1252 447 [ill.
1266 387 1290 435 8.
1370 339 1375 442 Ι

373 541 528 618 Vergilium
553 559 666 620 quoque
691 541 876 620 paucissimos
901 541 949 602 dle
970 542 1169 621 composuisse
1192 561 1292 604 versus
1364 527 1370 575 ἶ

340 642 472 701 oauctor
490 653 532 700 est
554 641 663 700 Varius.
703 639 830 700 Oratoris
854 638 970 716 quidem
992 641 1048 700 alia
1071 641 1206 701 condicio
1228 652 1291 714 est;

372 740 465 816 itaque
477 739 549 800 hanc
561 758 670 800 moram
683 750 713 800 et
721 739 935 800 sollicitudinem
950 739 1035 800 initiis
1048 741 1170 817 impero.
1212 740 1291 799 Nam

371 838 490 913 primum
500 838 554 897 boc
567 837 802 908 constituendum,
816 837 872 896 hoc
885 837 1074 896 obtinendum
1088 849 1140 911 est,
1154 849 1185 898 ut
1199 857 1291 916 quam
1343 832 1371 914 ἐ,

262 925 267 941 '
370 936 475 1013 optime
483 938 648 996 scribamus:
661 936 832 997 celeritatem
843 935 1118 995 dabitconsuetudo.
1148 937 1290 995 Paulatim
1334 1002 1340 1024 ὶ

369 1051 415 1094 tes
433 1032 539 1094 facilius
557 1053 590 1094 se
608 1033 764 1103 ostendent,
774 1033 859 1092 verba
876 1032 1098 1108 respondebunt,
1115 1033 1290 1110 compositio

369 1143 506 1209 sequetur,
532 1147 635 1192 cuncta
659 1132 781 1206 denique
809 1139 841 1188 ut
867 1130 897 1188 in
927 1128 1031 1188 familia
1058 1131 1133 1189 bene
1161 1131 1289 1190 instituta
1370 1167 1373 1214 t

319 1228 334 1284 1
369 1230 401 1288 in
419 1230 514 1290 officio
532 1241 622 1289 erunt.
661 1228 779 1288 Summa
804 1225 875 1286 haec
896 1235 942 1286 est
963 1225 1022 1285 rei:
1055 1227 1114 1287 cito
1136 1228 1290 1287 scribendo
1363 1241 1373 1320 Ι·

260 1229 428 1397 &oiston
452 1329 485 1388 lit
508 1339 541 1388 ut
563 1329 636 1387 bene
660 1327 803 1400 scribatur,
830 1325 904 1384 bene
932 1325 1086 1385 scribendo
1109 1325 1146 1392 tit
1164 1337 1197 1384 nt
1220 1327 1289 1386 cito.

221 1460 225 1467 ,
321 1416 324 1420 ⁴
369 1424 427 1484 sea
450 1435 512 1484 mm
536 1425 666 1496 mulne,
695 1442 763 1484 eum
784 1423 901 1484 faenus
930 1422 978 1482 tna
1010 1423 1172 1500 contigerit,
1205 1423 1289 1488 rests.
1341 1409 1350 1452 ί

367 1534 460 1582 tamus
482 1535 516 1584 ut
538 1523 743 1600 provideamus,
769 1522 919 1582 efferentes
945 1539 977 1580 se
997 1537 1089 1598 equos
1112 1520 1201 1580 irenis
1224 1521 1288 1597 qui·

367 1620 488 1680 busdam
498 1637 697 1692 coerceamus3
715 1620 793 1696 quod
811 1638 870 1680 nou
883 1631 942 1700 tam
963 1636 1075 1679 moram
1091 1618 1177 1677 faciet
1196 1635 1288 1696 quam

368 1734 456 1777 nosos
474 1717 594 1794 impetus
611 1716 699 1776 ‹ubit
736 1716 837 1794 Neque
856 1718 934 1776 enim
951 1735 1048 1778 rursus
1063 1734 1116 1778 eos
1135 1717 1187 1794 qui
1201 1715 1291 1776 robur

367 1813 484 1893 aliquod
509 1815 540 1872 in
564 1813 628 1874 sulo
652 1812 766 1873 fecerint
790 1815 828 1874 ad
856 1814 999 1876 infelicem
1027 1815 1224 1876 calumniandi
1256 1831 1289 1872 se

324 1915 358 1971 11
368 1931 488 1991 poenam
500 1911 666 1988 adligandos
672 1921 751 1987 puto.
785 1911 862 1971 Nam
869 1931 929 1990 quo
940 1913 1029 1974 modo
1041 1913 1170 1972 sufficere
1185 1911 1288 1983 officiis

366 2011 492 2072 civilibus
503 2011 590 2087 possit
609 2010 658 2086 qui
671 2008 788 2083 singulis
799 2010 946 2070 actionum
959 2011 1086 2087 partibus
1104 2010 1286 2070 insenescatl
1343 1995 1356 2044 ¹¹

367 2108 439 2168 Sunt
454 2119 548 2169 autern
566 2109 667 2185 quibus
685 2106 752 2164 nihil
764 2108 800 2166 sit
815 2109 899 2166 satist
927 2109 1025 2187 omnia
1045 2117 1164 2180 mutare,
1188 2107 1288 2167 omnia

366 2207 445 2266 aliter
456 2205 547 2264 dicere
559 2223 645 2282 quam
658 2205 778 2263 occurrit
792 2187 1064 2275 veina—iiieceduli
1078 2204 1197 2283 quidam
1205 2214 1235 2264 et
1249 2204 1287 2264 de

366 2302 479 2379 ingenio
497 2321 551 2364 suo
565 2304 686 2380 pessime
704 2302 802 2374 meriti,
815 2302 864 2378 qui
883 2301 1059 2378 diligentiam
1072 2311 1176 2378 putant
1191 2301 1287 2361 facere
1369 2341 1371 2381 ξ

318 2399 420 2460 nau
445 2401 582 2460 temnat
603 2399 799 2460 difficulatem
840 2398 903 2459 Nee
930 2378 1098 2477 promptum
1125 2411 1170 2460 est
1190 2399 1286 2459 dicere

366 2508 445 2557 utros
456 2515 574 2575 pecuare
583 2498 698 2557 validius
711 2508 818 2574 putem,
828 2498 932 2574 quibus
944 2497 1043 2556 omnia
1055 2515 1108 2556 sua
1119 2496 1236 2574 placent
1246 2515 1286 2557 an
1361 2479 1368 2510 ¹

364 2596 469 2672 quibus
483 2595 560 2654 nihil.
598 2595 707 2655 Accidit
727 2595 802 2653 enim
817 2595 903 2655 etiam
924 2594 1079 2671 ingeniosis
1092 2595 1286 2655 adulescenti-
1369 2593 1371 2600 ’

365 2694 419 2752 bus
442 2691 609 2770 frequenter,
630 2704 663 2752 ut
681 2693 777 2752 labore
796 2687 1001 2752 consumantur
1025 2702 1057 2752 et
1083 2693 1114 2750 in
1138 2692 1285 2752 silentium
1362 2707 1372 2778 Ιι

365 2808 456 2867 nsque
479 2790 652 2850 descendant
671 2791 758 2849 nimia
778 2788 986 2850 benedicendi
1008 2789 1174 2867 cupiditate.
1215 2788 1285 2862 Qua
1325 2784 1359 2840 χ”ι

364 2888 401 2948 de
422 2907 454 2948 re
477 2889 594 2948 memini
614 2905 741 2948 narrasse
765 2887 836 2946 mibi
857 2887 964 2946 Iulium
994 2885 1162 2946 &cundum
1192 2886 1285 2959 illum,

363 2985 510 3063 aequalem
528 3004 625 3046 meum
645 2997 731 3063 atque
752 3005 772 3045 a
790 3002 845 3056 me,
866 2994 899 3042 ut
914 2994 1015 3044 uotum
1035 2994 1087 3055 est,
1108 2983 1286 3044 familiariter

364 3093 499 3155 amatum,
520 3084 607 3143 mirae
632 3082 779 3144 facundiae
801 3068 900 3153 virum
922 3081 1049 3143 infinitae
1070 3092 1169 3142 tamen
1187 3101 1285 3154 curae,
1334 3086 1365 3150 Γ

317 3180 917 3258 mqneaaetsatapmuomonetum.
958 3164 1052 3239 nturi
1067 3180 1156 3240 nnus
1171 3179 1285 3254 rioms,

365 3279 398 3338 in
419 3277 579 3356 eloquentia
604 3278 769 3350 Gallianum,
792 3277 929 3355 quoniam
952 3277 992 3336 ibi
1012 3276 1132 3338 demum
1155 3279 1286 3338 exercuit

364 3394 438 3448 um,
449 3378 588 3453 princeps,
600 3375 705 3453 alioqui
723 3375 794 3435 inter
810 3392 917 3451 pauooe
930 3374 1052 3434 disertus
1073 3385 1102 3434 et
1114 3374 1221 3451 dignus
1234 3375 1285 3436 illa

363 3475 579 3556 propinquitate.
615 3475 648 3534 Is
664 3491 731 3534 eum
750 3472 926 3545 Secundum,¹
935 3471 1052 3541 scholae
1071 3473 1165 3533 adhuc
1179 3489 1284 3550 operae

364 3583 437 3648 mm,
451 3573 560 3636 tristem
575 3572 647 3633 forte
658 3572 780 3644 vidisset,
794 3570 974 3644 interrogavit
991 3587 1066 3645 quae
1080 3587 1169 3630 causa
1180 3568 1283 3628 frontis
1343 3598 1347 3607 ·

1347 3355 1367 3420 lt
