3609 4359
474 383 595 448 vt1.18.]
780 383 894 432 LIBER
917 383 1097 434 DECIMUS.
1368 395 1409 458 47

470 546 621 616 evenisset,
649 553 757 602 veteres
778 548 915 610 oratores,
940 539 1110 615 ut‘Cicero,
1134 544 1310 608 dictitabant.
1353 547 1411 608 Sed

472 645 542 703 ratio
569 640 719 701 manifesta
746 650 797 699 est.
839 639 918 699 Nam
955 641 1031 700 bene
1061 643 1194 719 concepti
1227 643 1356 704 adiectus
1381 656 1412 705 et

470 752 598 801 recentes
619 757 714 798 rerum
735 739 876 814 imagines
896 741 1036 797 continuo
1057 738 1165 816 impetu
1187 740 1320 812 teruntur,
1335 762 1410 820 quae
1444 817 1447 822 Δ

470 856 688 916 nonnumquam
717 855 798 895 mora
821 837 876 896 stili
898 838 1084 912 refrigescunt
1107 847 1136 896 et
1160 839 1262 898 dilatae
1286 859 1346 898 non
1368 861 1410 900 re·

469 947 624 996 vertuntur.
665 934 770 1012 Utique
791 953 869 1008 vero,
884 955 952 995 cum
972 935 1069 994 inielix
1089 935 1136 994 illa
1155 937 1306 996 verborum
1325 939 1411 997 cavil-

469 1035 536 1094 latio
560 1035 678 1094 aeeessit
700 1046 729 1093 et
748 1052 850 1093 cursus
873 1035 911 1093 ad
935 1034 1047 1112 singula
1075 1035 1193 1110 vestigia
1217 1035 1324 1107 restitit,
1349 1053 1410 1095 non

469 1143 563 1210 potest
576 1133 639 1192 ferri
653 1143 783 1193 contorta
793 1133 853 1207 vis;
875 1133 936 1205 sed,
950 1144 982 1191 ut
996 1134 1105 1210 optime
1116 1150 1221 1192 vocum
1233 1133 1410 1210 singularum

469 1233 552 1292 cedat
564 1224 674 1301 electio,
688 1251 747 1291 non
762 1233 901 1292 continua
915 1232 968 1292 sed
982 1231 1146 1308 composita
1158 1219 1208 1291 est

509 1331 607 1404 Quare
634 1331 792 1408 capiendae
819 1341 887 1389 sunt
913 1329 986 1402 illae,
1002 1330 1051 1402 ,de
1077 1331 1184 1408 quibus
1218 1329 1285 1401 dixi,
1313 1335 1461 1390 rerumld

468 1430 616 1506 imagines,
637 1447 710 1508 quas
735 1429 830 1488 vocari
855 1431 1001 1502 φαντασίας
1023 1427 1221 1501 indicavimus,
1244 1429 1409 1506 omniaque,

468 1527 504 1587 de
530 1528 634 1606 quibus
661 1526 763 1587 dicturi
789 1527 905 1600 erimus,
930 1543 1082 1605 personae,
1111 1527 1304 1606 quaestiones,
1332 1545 1410 1605 spes,

467 1637 568 1693 metus,
583 1625 717 1684 habenda
736 1625 766 1682 in
786 1624 887 1695 oculis,
907 1625 937 1682 in
959 1623 1087 1684 adfectus
1108 1625 1286 1702 recipienda;
1307 1636 1411 1702 pectus

467 1733 510 1783 est
531 1725 618 1793 enirn,
642 1722 722 1800 quod
745 1723 869 1781 disertos
897 1722 971 1793 facit,
1000 1733 1030 1782 et
1057 1723 1099 1782 vis
1125 1724 1239 1782 mentis.
1279 1724 1409 1802 Ideoque

466 1820 603 1898 imperitis
623 1838 750 1898 quoque,
769 1821 793 1879 si
814 1819 905 1879 modo
924 1830 993 1879 sunt
1013 1820 1110 1898 aliquo
1130 1821 1242 1881 adicem
1263 1823 1407 1896 concitati,

465 1920 552 1978 verba
576 1936 636 1977 non
657 1918 770 1977 desunt·
810 1917 892 1976 Turn
918 1911 1122 1977 intendendus
1138 1919 1260 1993 animus,
1289 1937 1350 1978 non
1377 1920 1460 1980 inle

465 2018 591 2094 aliquam
612 2033 673 2074 rem
693 2033 791 2086 unam,
811 2014 863 2074 sed
883 2016 915 2074 in
934 2015 1032 2092 plures
1053 2015 1136 2074 simul
1157 2018 1318 2089 continuas,
1332 2027 1363 2076 ut
1383 2017 1409 2076 si

464 2133 517 2192 per
538 2115 664 2193 aliquam
688 2122 797 2173 rectam
817 2113 894 2170 amm
915 2113 1062 2172 mittamus
1082 2114 1183 2173 oeulos
1203 2114 1288 2173 simul
1308 2115 1409 2175 omnia

465 2232 541 2291 quae
559 2213 672 2272 suntin
693 2230 728 2271 ea
749 2211 880 2288 circaque
900 2211 1053 2282 intuemur,
1068 2229 1129 2271 non
1146 2204 1278 2272 ultimum
1296 2223 1409 2273 tanturn

463 2313 603 2381 videmus,
628 2309 678 2369 sed
704 2308 857 2386 usquead
884 2309 1027 2368 ultimum.
1068 2308 1159 2370 Addit
1185 2311 1223 2370 ad
1249 2312 1412 2372 dicendum·
1461 2323 1463 2328 '

464 2411 551 2468 etiam
568 2408 663 2486 pudor
682 2408 822 2481 stimulos,
837 2407 1001 2484 mirumque
1015 2407 1104 2467 videri
1124 2419 1218 2486 potest
1236 2411 1325 2488 quod,
1339 2428 1409 2469 curn

464 2507 544 2584 stilus
568 2516 679 2566 secreto
703 2504 827 2583 gaudeat
851 2516 938 2583 atque
960 2523 1062 2564 omnes
1084 2507 1205 2567 arbitros
1233 2507 1406 2581 reformidet,

463 2603 667 2680 extemporalis
680 2603 756 2663 actio
770 2603 934 2663 auditorum
944 2603 1114 2681 frequentia,
1125 2614 1156 2663 ut
1170 2605 1252 2666 miles
1266 2617 1407 2684 congestu

464 2705 622 2780 signorum,
651 2701 796 2761 excitatur.
837 2699 976 2778 Namque
1011 2712 1040 2761 et
1075 2701 1263 2764 difficiliorem
1297 2705 1456 2782 cogita-17

463 2802 572 2861 tionem
586 2801 760 2876 exprimit-et
773 2799 891 2876 expellit
911 2798 1208 2876 dicendi-necessitas,
1222 2813 1250 2862 et
1264 2802 1408 2864 secundos

462 2903 587 2978 impetus
610 2909 697 2974 auget
723 2898 857 2976 placendi
884 2883 1015 2975 cupidos
1043 2900 1128 2960 Adeo
1158 2902 1280 2978 pretium
1308 2901 1408 2960 omnia

462 3007 592 3078 spectant
625 3007 657 3057 ut
689 2997 854 3076 eloquentia
887 3015 1011 3075 quoque,
1037 3016 1217 3078 quamquam
1250 2999 1408 3077 plurimum

397 3123 401 3143 ι’
461 3099 565 3157 habeat
585 3098 616 3156 in
638 3115 670 3156 se
692 3095 854 3173 voluptatis,
876 3095 1005 3156 maxime
1026 3108 1124 3156 tamen
1146 3099 1289 3175 praesenti
1313 3097 1408 3157 fructu

460 3197 552 3256 laudis
565 3195 768 3272 opinionisque
786 3194 917 3254 ducatur.
960 3193 1024 3254 Nec
1039 3197 1192 3274 quisquam
1211 3206 1323 3256 tantum
1337 3195 1408 3256 fidat
1418 3205 1458 3260 18

460 3295 576 3372 ingenio
590 3305 623 3352 ut
635 3292 666 3352 id
679 3293 733 3352 sibi
747 3303 842 3369 speret
857 3293 1007 3370 incipienti
1022 3295 1117 3353 statim
1130 3312 1219 3372 posse
1227 3295 1406 3371 contingere,

460 3392 520 3465 sed,
549 3392 636 3450 sicut'
649 3393 679 3450 in
713 3391 890 3468 cogitatione
926 3391 1135 3469 praecepimus,
1167 3391 1207 3450 ita
1242 3391 1407 3452 facilitatem

459 3507 577 3568 quoque
586 3489 812 3566 extemporalem
826 3507 845 3547 a
858 3489 954 3566 parvis
964 3489 1051 3548 initiis
1065 3489 1204 3567 paulatim
1217 3490 1407 3567 perducemus
1449 3485 1452 3490 ’

398 3637 405 3656 ,
459 3583 497 3643 ad
524 3601 678 3657 summam,
707 3600 782 3661 quae
809 3592 904 3661 neque
933 3582 1031 3661 perfici
1060 3595 1155 3660 neque
1183 3583 1324 3644 contineri
1345 3584 1419 3645 uisi.
1497 3633 1500 3637 .
