3609 4359
351 424 391 507 36
549 436 822 486 morrrurrotrs
843 435 1057 486 ornrorrrs
1151 430 1210 496 [ιιι.
1224 447 1268 496 3ο.

349 593 452 669 alioqui
482 591 536 664 fiet,
566 611 631 651 cum
660 593 689 650 iu
720 592 814 652 medio
849 592 920 662 foto,
950 601 994 651 tot
1020 591 1269 651 circumstantibus

350 690 466 761 iudiciis,
480 691 581 767 iurgiis,
595 691 712 749 fortuitis
727 692 811 749 etiam
824 691 1007 760 clamoribus,
1021 691 1071 748 erit
1087 690 1184 748 subito
1197 707 1268 749 con·
1371 717 1374 756 t

349 789 427 848 tinus
445 790 570 847 oratione
586 788 742 856 dicendum,
761 790 783 847 si
800 789 948 866 particulas
970 806 1043 865 quas
1059 787 1128 847 ceris
1147 786 1268 846 manda·
1372 761 1374 796 ¹

350 902 412 944 mus
429 886 482 944 nisi
500 888 529 944 in
548 886 694 945 solitudine
714 888 832 962 reperire
852 905 912 946 non
930 887 1104 962 possumus?
1147 885 1270 962 Propter
1345 860 1356 896 ¹

349 1003 422 1062 quae
441 983 517 1044 idem
542 984 588 1044 ilie
614 994 707 1042 tantus
733 996 844 1042 amator
870 984 971 1042 secreti
998 982 1210 1042 Demosthenes
1237 982 1269 1039 in

348 1081 434 1154 litore,
460 1083 574 1160 inquo
599 1101 631 1141 se
656 1082 781 1140 maximo
807 1099 875 1140 cum
899 1097 973 1140 sono
1000 1080 1102 1168 fluctus
1129 1079 1269 1149 inlideret,

348 1181 486 1240 meditatu
510 1181 712 1240 consuescebat
737 1179 903 1239 contionum
924 1177 1052 1237 fremitus
1078 1195 1140 1236 nou
1162 1194 1269 1254 expav·
1369 1191 1372 1216 ¹

348 1296 451 1338 m,

300 1383 338 1438 st
387 1377 441 1435 1112
451 1393 565 1454 quoque
577 1378 688 1436 minora
696 1373 760 1454 (sed
771 1375 840 1434 nihil
854 1375 885 1434 in
897 1375 997 1434 studiis
1006 1391 1125 1452 parturn
1138 1371 1197 1453 est)
1207 1390 1270 1432 non

348 1484 413 1533 sunt
431 1474 616 1536 transeunda:
634 1475 719 1534 scribi
737 1475 846 1552 optime
864 1474 943 1546 cen's,
960 1475 991 1532 in
1009 1474 1114 1551 quibus
1133 1471 1270 1531 facillima
1344 1460 1354 1478 ‘

347 1583 391 1630 est
402 1571 473 1630 ratio
492 1570 611 1642 defendi,
625 1571 679 1631 nisi
699 1571 771 1631 forte
787 1572 864 1631 visus
880 1571 1018 1630 infirmior
1035 1570 1269 1629 membranarum

348 1669 439 1745 potius
450 1686 532 1726 usum
543 1669 644 1746 exiget,
656 1687 731 1746 quae
750 1681 781 1728 ut
799 1671 895 1727 iuvant
908 1671 1009 1740 aciem,
1023 1669 1063 1728 ita
1078 1668 1177 1728 crebra
1198 1666 1269 1726 refa-

349 1767 432 1836 tione,
458 1765 554 1841 qnoad
578 1766 753 1842 inunguntur
777 1767 888 1838 calami,
915 1780 1063 1826 morantur
1093 1783 1214 1824 manum
1240 1774 1270 1825 et

296 1863 523 1942 sacogitationis
545 1864 682 1940 impetum
701 1862 842 1940 frangunt.
882 1864 1100 1941 Relinquendae
1121 1876 1217 1923 autem
1238 1863 1269 1922 in

349 1962 477 2022 utrolibet
495 1980 597 2038 genere
615 1972 714 2021 contra
733 1970 815 2021 erunt
833 1979 941 2020 vacuae
962 1961 1090 2034 tabellae,
1112 1962 1142 2019 in
1162 1961 1272 2038 quibus

348 2061 435 2120 libera
461 2059 609 2118 adiciendo
634 2059 669 2118 sit
695 2058 831 2119 excursio.
881 2057 959 2117 Nam
987 2059 1099 2118 interim
1125 2058 1270 2135 pigritiam
1359 2079 1368 2100 t

348 2157 516 2217 emendandi
536 2157 680 2234 angustiae
702 2156 815 2227 faciunt,
838 2165 887 2215 aut
913 2166 991 2215 certe
1018 2173 1160 2216 novorum
1182 2155 1269 2215 inter·

348 2256 487 2333 positione
520 2257 611 2332 priora
643 2252 827 2314 confundant.
867 2252 913 2312 Ne
947 2253 1020 2312 latas
1051 2252 1169 2330 quidem
1196 2251 1292 2323 ultra,

349 2353 465 2412 modum
489 2370 551 2412 esse
572 2370 650 2443 cetap
676 2352 767 2421 veiim,
788 2360 922 2427 expertus
949 2351 1081 2410 iuvenem
1109 2349 1270 2411 studiosum

240 2470 243 2475 ·
348 2450 455 2527 alioqui
471 2450 637 2527 praelongos
655 2447 784 2508 babuisse
801 2464 957 2518 sermones,
976 2446 1044 2523 quia
1064 2445 1127 2505 ilios
1146 2463 1269 2506 numero
1363 2441 1366 2501 i

349 2568 478 2610 versuum
501 2551 673 2618 metiebatur,
699 2548 784 2625 idque
808 2546 915 2616 viuum,
944 2543 1024 2621 quod
1049 2543 1190 2621 frequenti
1216 2526 1270 2603 sd·
1359 2509 1365 2620 ¹;

349 2649 502 2710 monitione
517 2648 619 2724 corrigi
645 2664 704 2705 non
729 2655 867 2722 potuerat,
891 2642 1008 2703 mutatis
1030 2641 1178 2703 codicibus
1204 2660 1270 2702 esse
1361 2639 1366 2722 Ι

295 2747 498 2810 manniacum
535 2743 627 2804 Debet
637 2742 924 2802 uacateetiamiocus
938 2741 1037 2818 inquo
1046 2748 1180 2798 notentur
1192 2757 1269 2817 quae
1344 2725 1365 2819 ,¹¹

347 2843 532 2905 scribentibus
543 2841 636 2902 solent
647 2851 725 2900 extra
736 2839 875 2911 udinem,
888 2838 918 2897 id
931 2848 975 2896 est
988 2855 1023 2924 ex
1038 2837 1099 2896 aliis
1112 2854 1202 2914 quatu
1215 2835 1267 2914 qui
1323 2823 1343 2852 ¹

346 2943 454 3004 suntin
468 2941 598 3001 menibus
615 2939 679 3011 loci,
693 2955 846 2997 occurrere.
887 2936 1060 3014 Inrumpunt
1073 2934 1151 2994 enim
1165 2934 1269 3010 optimi

346 3056 562 3118 nonnumquam
577 3055 684 3108 sensus,
698 3053 771 3112 quos
789 3053 884 3113 neque
900 3034 1022 3092 inserere
1041 3041 1155 3110 oportet
1173 3047 1268 3108 neque

347 3139 456 3200 differre
469 3149 559 3197 tutum
567 3146 619 3208 est,
628 3135 695 3212 quia
702 3133 811 3193 interim
820 3131 977 3202 elabuntur,
986 3129 1098 3188 iuterim
1111 3128 1269 3208 memoriae
1331 3124 1351 3175 Γ)

347 3239 393 3298 sui
409 3236 532 3295 intentos
545 3235 584 3293 ab
599 3232 655 3292 alia
673 3232 833 3292 inventione
853 3229 997 3290 declinant
1013 3226 1138 3304 ideoque
1158 3225 1269 3303 optime
1349 3273 1353 3280 .

347 3332 605 3410 mundeposito
1343 3375 1357 3427 I
