3609 4359
492 396 512 440 l.
524 387 580 451 58.]
803 388 917 437 LIBER
941 388 1115 439 DECIMUS.
1392 397 1423 439 ll

491 548 745 624 grammaticomm
773 564 933 607 consensus
957 545 1075 614 deferat,
1099 556 1128 603 et
1152 546 1310 609 adfectibus
1332 559 1362 608 et
1387 549 1429 607 iu·

489 647 638 704 cunditate
665 658 694 704 et
721 646 910 721 dispositione
940 656 969 703 et
998 644 1119 702 omnino
1133 658 1207 719 ⁸arte
1234 645 1373 717 deficitur,
1395 658 1428 707 ut

490 744 576 820 plane
607 744 761 802 manifesto
791 753 929 819 appareat
958 751 1067 819 quanto
1094 743 1131 800 sit
1157 742 1233 801 aliud
1261 745 1428 820 proximum

488 860 560 913 esse,
584 843 661 899 aliud
690 843 858 901 secundum.
899 841 1055 912 Ριικιιιειιι,
1084 859 1120 898 err
1148 853 1267 917 utroque
1295 843 1426 914 mixtum,
1440 856 1485 911 54

398 999 400 1002 .
489 953 591 1017 putant
618 942 649 997 in
671 941 837 1018 eloquendo
858 940 985 999 neutrius
1013 956 1137 1015 aequare
1162 939 1285 1012 uirtutes,
1305 940 1427 999 alterum
1506 967 1511 986 ι

489 1051 587 1097 tamen
600 1039 690 1097 abeo
702 1040 830 1110 materia,
845 1039 966 1098 alterum
981 1036 1152 1113 disponendi
1166 1037 1277 1096 ratione
1291 1039 1428 1115 superari
1473 1056 1476 1061 ¹

487 1138 704 1197 Arocrorrrus'
695 1156 727 1196 ru
746 1137 877 1198 ordinem
896 1156 915 1196 a
934 1134 1128 1213 grammaticis
1148 1134 1248 1193 datum
1268 1154 1329 1195 ιιοιι
1343 1137 1428 1208 venit,

487 1235 556 1312 quia
578 1235 761 1296 Aristarchus
788 1248 873 1312 atque
900 1233 1111 1310 Aristophanes
1139 1244 1290 1310 poetarum
1317 1234 1429 1295 iudices

487 1335 633 1394 nerninem
659 1336 704 1394 sui
731 1335 870 1411 temporis
903 1334 935 1391 in
966 1350 1118 1392 numerum
1145 1332 1332 1407 redegerunt;
1367 1350 1429 1393 non
1466 1319 1469 1326 ¹
1537 1378 1549 1397 ,
1587 1314 1591 1325 ’

487 1443 586 1492 tamen
619 1431 865 1496 contemnendum
897 1430 1019 1491 reddidit
1053 1447 1129 1507 opus
1161 1430 1275 1507 aequali
1301 1430 1429 1513 quadarn
1500 1464 1503 1471 ·

486 1531 691 1591 mediocritate·
731 1531 831 1590 Anam
849 1530 969 1589 materia
988 1540 1068 1589 motu
1087 1539 1172 1601 caret
1188 1541 1219 1589 ut
1233 1530 1336 1607 inqua
1349 1530 1485 1590 nullahb
1563 1598 1565 1603 ,

486 1631 617 1698 varietas,
634 1630 731 1688 nullus
750 1629 890 1701 adfectus,
912 1628 989 1693 nulla
1009 1645 1141 1705 persona,
1158 1628 1236 1687 nulla
1255 1631 1429 1706 cuiusquam

487 1730 524 1787 sit
550 1727 658 1799 oratio;
688 1727 792 1786 suflicit
814 1738 912 1786 tamen
940 1727 1020 1803 operi
1042 1726 1089 1785 cui
1112 1742 1144 1785 se
1173 1744 1271 1803 parem
1299 1727 1428 1787 credidit

383 1850 387 1855 ·
486 1825 672 1885 Admirabilis
698 1827 728 1883 in
756 1844 811 1884 sno
838 1842 944 1901 genere
969 1824 1170 1899 Turocrrrrus
1193 1825 1244 1885 sed
1271 1844 1357 1885 musa
1380 1826 1430 1885 illa
1522 1862 1525 1867 -

486 1924 591 1981 rustica
603 1935 634 1981 et
648 1923 798 1999 pastoralis
811 1940 871 1982 non
886 1922 982 1980 forum
997 1922 1095 1992 modo,
1111 1940 1210 1982 verum
1229 1923 1321 1999 ipsam
1340 1925 1427 1984 etiam

486 2022 589 2081 urbem
617 2019 793 2079 reformidat
833 2018 944 2078 Audire
968 2017 1064 2079 videor
1087 2018 1213 2096 undique
1235 2033 1428 2097 congerentes
1440 2028 1485 2084 be

486 2120 607 2179 nomina
632 2118 822 2195 plurimorum
853 2131 1013 2194 poetarum.
1054 2115 1153 2189 Quid?
1196 2116 1329 2181 Herculis
1363 2129 1429 2179 acta

486 2234 548 2275 non
567 2218 642 2276 bene
662 2215 862 2276 Prsrsuaosl'
890 2213 1072 2275 Nrcrrrroatur
1092 2213 1193 2275 frustra
1215 2216 1305 2275 secuti
1325 2215 1429 2277 Macer

486 2326 573 2391 atque
600 2313 766 2391 Vergilius?
820 2312 926 2386 Quid?
979 2310 1196 2379 Eunrronrorrsrr
1222 2314 1429 2377 transibimus?

485 2410 583 2485 Quem
614 2413 668 2471 nisi
696 2413 848 2488 probasset
873 2410 1017 2487 Vergilius
1046 2411 1133 2484 idem,
1161 2428 1322 2490 numquam
1351 2426 1429 2475 certe

487 2512 691 2572 ‘conditorum
724 2510 891 2572 Chalcidico
926 2528 1009 2571 versu
1043 2508 1231 2576 carminum’.
1251 2511 1363 2573 fecisset
1396 2516 1428 2574 in

484 2608 629 2669 Bucolicis
661 2610 848 2669 mentionem.
891 2608 993 2681 Quid?
1047 2610 1187 2669 Horatius
1214 2610 1319 2671 frustra
1345 2612 1428 2684 Τιι-

485 2726 589 2769 aaron
601 2707 738 2769 Homero
751 2709 923 2785 subiungit?
962 2707 1026 2768 Nec
1046 2726 1118 2769 sane
1130 2710 1284 2787 quisquam
1304 2720 1349 2771 est
1366 2722 1427 2771 tarn
1441 2724 1504 2781 57,
1574 2757 1578 2763 .

485 2806 587 2884 procul
601 2826 621 2867 a
638 2808 804 2884 cognitione
821 2824 925 2867 eorum
943 2818 1071 2867 remotus
1084 2818 1189 2867 utnon
1205 2808 1333 2869 indicem
1350 2819 1428 2870 cene
1566 2810 1569 2814 ’

483 2924 522 2964 ex
544 2904 718 2965 bibliotheca
740 2916 887 2982 sumptum
913 2902 1061 2965 transferre
1082 2905 1112 2963 in
1132 2904 1219 2967 libros
1238 2923 1308 2966 suos
1326 2908 1427 2985 possit

372 3023 381 3064 r
484 3003 578 3063 Nee
567 3021 673 3080 rgnoro
690 3004 777 3082 igitur
789 3020 864 3081 quos
877 3014 995 3062 transeo
1013 3020 1067 3063 rrec
1082 3004 1180 3080 utique
1197 3005 1315 3078 damno,
1330 3006 1427 3085 utqui

483 3101 607 3161 dixerim
625 3119 691 3162 esse
710 3103 740 3160 in
760 3102 897 3161 omnihus
917 3101 1042 3161 utilitatis
1063 3100 1179 3177 aliquid.
1221 3101 1280 3162 Sed
1299 3103 1339 3163 td
1359 3104 1425 3165 illos
1439 3107 1484 3164 he

483 3199 542 3259 iam
568 3198 702 3277 perfectis
721 3198 939 3277 constitutisque
960 3199 1066 3259 viribus
1088 3208 1271 3271 revertemur,
1292 3201 1403 3279 quod·
1394 3222 1426 3263 ιιι
1554 3236 1556 3239 -

483 3298 563 3357 cenis
588 3297 749 3374 grandibus
775 3315 863 3375 saepe
892 3296 1020 3368 facimus,
1044 3305 1076 3355 ut
1097 3314 1165 3355 cum
1189 3298 1309 3375 optimis
1332 3299 1426 3359 satiati

359 3404 365 3420 ¹
464 3400 468 3407 '
483 3413 594 3468 summ,
607 3398 729 3455 varicus
741 3407 840 3456 tamen
854 3396 939 3454 nobis
951 3413 988 3455 ex
1002 3394 1147 3455 vilioribus
1160 3406 1242 3472 grata
1255 3397 1299 3457 nt.
1338 3398 1427 3459 Tunc

368 3511 385 3578 ι’
482 3503 513 3553 et
538 3494 670 3571 elegeam
695 3494 808 3554 mabit
834 3494 866 3553 in
892 3510 997 3552 manus
1023 3510 1147 3565 sumere,
1174 3493 1257 3554 cuius
1291 3496 1426 3572 princeps
1447 3556 1449 3561 ,

485 3589 607 3651 habam
625 3590 848 3673 Caruurcrrns,
867 3590 1011 3651 secundas
1031 3589 1214 3651 confessione
1237 3592 1425 3669 plurimorum
