3609 4359
336 396 371 450 14
531 385 804 436 lns‘rthJTJONIS
826 385 895 434 ORA
902 386 927 433 Τ
924 386 1040 437 ol'lAE
1165 382 1196 445 [l.
1212 397 1251 447 70.

331 544 506 612 addicuntur,
521 561 538 601 a
554 541 714 601 Menandro
726 541 845 617 scriptas
858 552 967 618 putant.
1011 541 1068 601 Sed
1083 542 1152 601 milri
1166 545 1254 619 longe
1328 498 1340 547 ,-

332 641 421 717 magis
437 654 531 699 orator
548 640 660 717 probari
679 640 709 697 in
725 658 813 715 opere
827 631 884 699 'suo
902 639 1018 713 videtur,
1039 641 1092 699 nisi
1111 639 1184 701 lorte
1204 654 1253 699 aut
1341 674 1352 711 ι

332 740 378 797 illa
396 740 507 808 iudicia,
523 757 596 815 quae
612 738 819 814 Epitrepontes,
833 738 987 815 Epicleros,
1004 739 1116 801 Locroe
1137 739 1252 807 habent,
1347 770 1349 778 ν

331 852 379 895 aut
405 838 599 896 meditationes
627 837 656 895 iri
683 835 859 910 Psophodee,
884 835 1068 909 Nomothete,
1090 834 1253 914 Hypoboli-

285 937 322 995 ‘11
333 952 415 993 maeo
427 952 486 992 non
495 934 628 993 omnibus
636 933 762 991 oratoriis
775 933 900 991 numeris
914 942 981 991 sunt
994 933 1153 995 absolutae.
1186 933 1253 1009 Ego
1337 950 1355 1003 ¹,

332 1044 425 1091 tamen
442 1032 505 1109 plus
523 1030 615 1089 adbuc
630 1029 764 1105 quiddam
780 1029 948 1089 collaturum
968 1048 1036 1091 eum
1055 1031 1251 1091 declamatori·

331 1133 385 1191 bus
398 1141 475 1208 puto,
490 1128 624 1207 quoniam
638 1126 682 1185 his
694 1144 810 1185 necesse
824 1135 867 1185 est
880 1128 1037 1187 secundum
1052 1129 1252 1189 condicionem
1349 1148 1352 1163 ·

331 1229 584 1289 controversiarum
602 1225 697 1301 plures
714 1225 807 1283 subire
823 1243 971 1301 personas,
988 1237 1102 1303 patrum
1119 1226 1252 1295 filiorum,
1330 1226 1332 1230 ’
1350 1234 1361 1313 ιζ

331 1328 451 1386 militum
472 1326 648 1394 rusticorum,
668 1322 785 1381 divitum
810 1340 978 1401 pauperum,
1000 1325 1183 1385 irascentium
1204 1324 1253 1383 de.
1335 1322 1360 1340 ·“

331 1426 511 1502 premium.
530 1422 639 1481 mitium
657 1438 837 1498 asperorum
857 1422 1009 1499 inquibus
1026 1424 1162 1482 omnibus
1181 1424 1253 1481 mire
1354 1488 1355 1491 Ἴ

280 1526 322 1584 72
332 1522 483 1581 custoditur
495 1522 532 1579 ab
545 1520 601 1579 boc
613 1530 697 1596 poeta
713 1520 805 1579 decor.
845 1520 940 1597 Atque
959 1520 1005 1580 ille
1023 1520 1141 1599 quidem
1159 1520 1253 1581 omni·
1351 1545 1354 1553 ·

332 1622 384 1678 bus
403 1619 527 1679 eiusdem
547 1620 639 1694 operis
658 1619 819 1677 auctoribus
837 1619 951 1678 abstulit
970 1636 1078 1678 nomen
1095 1630 1124 1677 et
1141 1617 1252 1694 fulgore

332 1718 455 1795 quodam
468 1734 534 1775 suae
547 1716 680 1775 claritatis
693 1718 822 1775 tenebras
840 1717 969 1777 obduxit.
1010 1717 1124 1777 Tamen
1145 1716 1253 1776 habent

331 1817 377 1875 alii
389 1833 501 1893 quoque
517 1815 625 1885 comici,
639 1815 663 1873 si
680 1832 745 1873 cum
759 1815 840 1873 venia
857 1816 999 1890 leguntur,
1015 1815 1157 1893 quaedam
1177 1834 1252 1894 quae

332 1915 422 1992 possis
441 1914 600 1989 decerpere,
618 1924 646 1970 et
666 1914 814 1988 praecipue
835 1912 1007 1985 Prrrrrrrrou3
1036 1914 1086 1991 qui
1111 1926 1142 1972 ut
1166 1932 1252 1991 prave

333 2013 375 2072 sui
395 2012 527 2087 temporis
546 2009 655 2069 iudiciis
677 2008 838 2069 Menandro
863 2028 949 2087 saepe
976 2012 1119 2088 praelatus
1138 2020 1191 2082 est,
1213 2012 1253 2071 its
1355 2070 1361 2103 Ι,

334 2126 474 2169 consensu
493 2120 588 2167 tamen
606 2108 735 2166 omnium
755 2108 855 2167 meruit
873 2108 951 2168 credi
971 2109 1121 2169 secundus.

282 2222 322 2277 7³
374 2208 530 2267 Historiam
550 2206 628 2265 multi
648 2208 784 2283 scripsere
800 2206 951 2281 praeclare,
967 2208 1019 2269 sed
1037 2200 1125 2268 neruo
1143 2210 1253 2269 dubitat
1363 2286 1364 2291 η

334 2308 418 2384 louge
441 2307 514 2364 duos
534 2306 631 2364 ceteris
654 2302 861 2381 praeferendos,
883 2324 1008 2382 quorum
1032 2306 1144 2366 diversa
1163 2309 1253 2367 virtus
1363 2332 1365 2339 ·

333 2406 446 2464 laudem
459 2421 548 2481 paene
562 2416 605 2462 est
617 2422 713 2479 parem
729 2415 890 2463 consecuta
932 2403 1048 2463 Densus
1067 2414 1096 2465 et
1113 2406 1206 2465 brevis
1222 2418 1253 2464 et

333 2521 444 2579 semper
469 2504 576 2559 instans
602 2503 654 2559 sibi
675 2500 873 2572 Trrucrururs,
893 2501 983 2562 dulcis
1010 2513 1039 2562 et
1061 2503 1200 2563 oandidus
1223 2515 1252 2564 et
1339 2486 1360 2541 ⁴·

333 2601 410 2661 fusus
430 2599 623 2677 Herouorus:
652 2599 698 2657 ille
717 2597 862 2658 concitatis
881 2598 928 2659 hic
948 2600 1252 2661 remissis.adlectibus
1364 2594 1368 2611 '

333 2700 440 2770 melior,
452 2697 498 2758 ille
516 2697 696 2757 contionibus
714 2695 760 2755 hic
778 2698 967 2771 sermonibus,
982 2698 1028 2757 ille
1042 2698 1072 2755 vi
1089 2698 1135 2757 bic
1151 2698 1252 2777 volup-

280 2801 323 2859 ’14
333 2810 397 2858 tate.
435 2796 627 2856 Tnsoeorreus
644 2794 688 2853 bis
705 2795 851 2871 proximus
868 2806 900 2853 ut
915 2796 945 2853 in
963 2795 1081 2855 historia
1101 2797 1252 2871 praedictis

333 2898 431 2966 m'mor,
444 2896 485 2954 ita
501 2895 604 2954 oratori
622 2893 713 2970 magis
730 2892 835 2962 similis,
854 2893 960 2968 utqui,
979 2905 1135 2971 antequam
1152 2905 1196 2955 est
1213 2896 1252 2957 ad

333 2995 473 3071 hocopus
485 2992 655 3061 sollicitatus,
669 2991 718 3049 diu
731 2990 813 3049 luerit
826 3003 929 3050 orator.
965 2990 1121 3053 Prnusws
1134 3012 1251 3071 quoque
1333 3008 1360 3095 εἰ·

323 3105 453 3159 ,uramur
466 3094 514 3169 qui
530 3091 629 3148 turbae
641 3090 769 3167 quamvis
787 3089 928 3149 bonomm
945 3100 1013 3167 post
1029 3108 1082 3150 eos
1101 3107 1252 3152 auctorum
1324 3069 1364 3145 l'i·

333 3188 480 3255 eximatur,
498 3186 621 3243 imitator
639 3182 799 3258 'lbucydidi
823 3193 853 3241 et
877 3194 909 3241 ut
935 3182 1027 3243 multo
1045 3184 1192 3256 infirmior,
1212 3188 1252 3245 ita

334 3283 508 3360 aliquatenus
524 3278 649 3337 lucidior.
689 3277 831 3347 Ernoaus.
844 3287 876 3335 ιιι
888 3264 1007 3339 noenu
1020 3277 1122 3350 risum,
1136 3280 1252 3339 mhri·
1337 3260 1355 3277 ἃ

333 3382 388 3442 bus
398 3389 471 3456 eget.
509 3375 671 3437 Curracru
683 3378 817 3453 probatur
829 3374 1073 3451 ingenium-rides
1088 3375 1251 3435 infamatur.
1347 3418 1353 3463 1

270 3474 679 3555 belnogoposiintemllo
697 3474 831 3553 temporis
848 3474 1251 3535 natusTmonusvelnoc
1307 3563 1311 3571 Ι

307 3571 1251 3657 ·esnsoprohebils,quodintermisamhistoriassermendi
