3609 4359
460 399 478 445 i.
491 390 548 457 til
770 392 884 442 LIBER
908 392 1087 443 biterrim.
1377 402 1396 463 9

457 552 587 628 pertinet,
603 550 736 627 protinus
755 549 794 610 ad
814 549 977 609 iaciendum
997 554 1104 625 φράσιν,
1118 550 1156 610 de
1170 568 1227 628 qua
1244 551 1397 629 loquimur,

458 650 776 717 accommodatum.,„

501 746 610 807 Verum
623 759 779 825 antequam
789 748 827 809 de
839 750 960 827 singulis
974 749 1084 826 loquar,
1093 766 1184 825 pauca
1194 750 1223 808 iii
1234 750 1398 811 universum

458 850 495 909 de
510 846 644 905 varietate
658 847 829 922 opinionum
841 847 964 907 dicenda
979 858 1052 906 sunt
1094 846 1171 905 Nam
1186 848 1304 923 quidam
1320 848 1399 909 solos
1412 858 1455 911 43

457 958 567 1007 veteres
580 943 721 1020 legendos
734 955 836 1022 putant
850 963 944 1022 neque
958 946 989 1004 iii
1002 944 1066 1003 ullis
1080 944 1143 1003 allis
1160 962 1223 1003 esse
1238 945 1414 1019 naturalem,

457 1042 654 1121 eloquentiam
666 1050 696 1102 et
707 1046 796 1104 robur
809 1044 875 1104 viris
888 1044 1010 1121 dignuin
1023 1042 1204 1113 arbitrantur,
1213 1042 1285 1101 alios
1298 1060 1399 1101 recens

456 1144 529 1202 baec
542 1140 657 1200 lascivia
670 1140 847 1219 deliciaeque
860 1154 889 1202 et
902 1142 1002 1201 omnia
1015 1140 1054 1199 ad
1063 1139 1238 1216 voluptatem
1252 1137 1399 1199 multitud·

456 1241 512 1301 inis
539 1238 689 1316 imperitae
709 1241 871 1318 composita
891 1240 1042 1300 delectant.
1085 1238 1219 1315 Ipsorum
1240 1238 1328 1297 etiam
1350 1236 1459 1314 qui44

456 1348 569 1399 rectum
584 1337 701 1398 dicendi
718 1356 812 1414 genus
829 1338 911 1416 sequi
925 1337 1032 1409 volttnt,
1049 1336 1095 1396 alii
1114 1322 1213 1414 pressa
1231 1326 1401 1396 demumst

446 1426 556 1496 'teutria
574 1444 663 1513 atque
683 1452 759 1513 quite
779 1436 931 1495 minimum
952 1419 990 1494 ab
1011 1452 1066 1494 usu
1082 1434 1229 1495 cotidiano
1252 1435 1400 1507 recedant,

374 1535 378 1552 ³
457 1553 529 1595 sam
544 1543 572 1594 et
585 1552 650 1593 vere
664 1533 760 1593 Attiou
777 1543 896 1610 putant;
918 1530 1060 1609 quosdam
1077 1532 1175 1591 elatior
1193 1532 1302 1609 ingenii
1316 1532 1401 1591 viset

375 1641 380 1693 ζ
457 1631 550 1709 magii
570 1631 716 1690 eoncitata
735 1641 765 1689 et
783 1630 870 1706 plena
890 1630 1005 1706 spiritus
1022 1630 1099 1708 capit
1108 1648 1117 1702 ;
1138 1628 1309 1689 sunt'etiam
1327 1632 1401 1691 lenis
1487 1684 1490 1689 .
1538 1668 1541 1675 ι
1587 1620 1589 1625 ’

455 1741 485 1790 et
506 1728 587 1789 nitidi
607 1737 639 1788 et
656 1728 808 1803 compositi
828 1728 943 1804 generis
966 1722 1026 1786 non
1052 1728 1134 1804 pauci
1157 1738 1310 1788 amatores.
1353 1726 1400 1787 De
1527 1769 1529 1771 -

456 1845 517 1906 qua
529 1824 690 1885 differentia
703 1824 844 1884 disseram
858 1824 1029 1901 diligentius,
1039 1843 1108 1884 cum
1121 1824 1158 1884 de
1169 1844 1275 1901 genere
1286 1826 1400 1886 dicendi

456 1923 656 2003 quaerendum
676 1923 747 1982 erit:
768 1922 883 1982 interim
905 1924 1078 1996 summatim,
1094 1924 1164 2000 quid
1181 1940 1205 1982 ei
1227 1943 1246 1983 a
1262 1942 1321 2001 qua
1341 1926 1403 1985 lec··

457 2024 536 2083 tione
556 2029 656 2099 petere
681 2021 796 2097 possint
820 2022 870 2097 qui
897 2020 1069 2081 confirmare
1096 2020 1258 2080 facultatem
1285 2023 1399 2083 dioendl

456 2122 562 2192 volent,
584 2119 745 2195 attingam:
775 2136 886 2197 paucos
909 2120 996 2190 enim,
1014 2120 1064 2197 qui
1084 2130 1150 2191 suiit
1170 2118 1397 2194 eminentissimi,
1411 2129 1456 2187 45
1578 2108 1586 2127 ⁹

456 2236 611 2295 excerpere
630 2217 661 2275 iii
682 2216 782 2278 animo
801 2228 852 2278 est
896 2217 992 2277 Facile
1012 2227 1056 2277 est
1075 2228 1172 2277 autem
1190 2216 1334 2291 studiosis,
1349 2221 1399 2295 qui

456 2315 515 2375 sitit
530 2316 575 2376 his
594 2308 741 2388 simillimi,
755 2316 890 2385 iudicare,
907 2334 944 2374 ne
961 2316 1115 2393 quisquam
1128 2322 1264 2393 queratur
1277 2317 1401 2377 omissos

456 2413 530 2473 loite
549 2415 662 2493 aliquos
677 2432 753 2491 quos
773 2415 835 2490 ipse
855 2412 937 2473 valde
954 2414 1075 2490 probet3
1096 2412 1187 2473 fateor
1205 2415 1283 2473 enim
1302 2415 1400 2491 plures
1525 2492 1528 2497 Α
1573 2386 1588 2518 {J

378 2570 381 2572 Α
404 2545 407 2549 <
455 2510 596 2589 legendos
614 2530 783 2590 essequam
798 2513 848 2590 qui
864 2530 883 2570 a
901 2529 949 2571 me
969 2512 1202 2572 nominabuntur.
1245 2510 1304 2571 Sed
1322 2530 1400 2573 nunc
1571 2506 1585 2547 ‘²'

296 2681 299 2689 Ι
370 2653 378 2678 ,-
454 2628 563 2687 genera
583 2611 649 2688 ipsa
666 2610 833 2682 lectionum,
848 2628 924 2687 quae
940 2610 1091 2687 praecipue
1111 2610 1265 2670 convenire
1285 2610 1400 2670 intend·
1438 2610 1455 2675 ’,
1516 2636 1524 2659 ι

410 2715 414 2721 “
454 2710 569 2769 entibus
582 2719 614 2769 ut
626 2718 756 2770 oratores
773 2708 844 2768 liant
856 2708 1028 2782 existimem,
1044 2726 1206 2786 persequar.

495 2807 595 2886 Igitur,
616 2817 650 2867 ut
665 2808 773 2868 Aratus
796 2808 835 2865 ab
858 2806 928 2866 Iove
950 2806 1147 2884 incipiendum
1169 2816 1259 2884 putat,
1282 2810 1321 2869 ita
1345 2816 1456 2872 nosne
1503 2836 1507 2845 ·

454 2904 507 2965 rite
523 2906 655 2983 coepturi
673 2906 712 2966 ab
730 2903 866 2967 Hoitirito
885 2904 1024 2965 videmur.
1068 2902 1127 2965 Hic
1143 2906 1231 2980 enim,
1252 2923 1341 2984 quein
1361 2906 1401 2965 ad

370 3005 376 3019 ‘
453 3003 576 3077 modum
589 3022 626 3064 ex
641 3002 763 3065 oceno
775 3003 845 3063 dicit
864 3004 928 3081 ipse
944 3004 1077 3063 omnium
1094 3002 1245 3063 fluminum
1261 3002 1400 3064 fontium·

361 3129 399 3156 v.
453 3119 513 3181 que
528 3118 631 3162 cursus
650 3102 763 3161 initium
783 3120 895 3179 capere,
910 3102 1046 3162 omnibus
1067 3102 1250 3181 eloquentiae
1270 3102 1400 3179 partibus

360 3199 384 3272 i
452 3198 620 3277 exemplum
640 3184 670 3259 et
687 3208 785 3260 oittim
801 3199 890 3259 dedit
931 3198 1021 3260 Hunc
1037 3218 1125 3260 nenio
1139 3201 1169 3259 in
1182 3201 1298 3277 magnis
1312 3202 1400 3262 rebus

359 3369 361 3372 v
452 3296 659 3370 sublimitate,
650 3315 680 3356 m
694 3300 791 3375 parvis
804 3297 987 3374 proprietate
994 3299 1178 3375 superaverit.
1209 3298 1293 3358 Idem
1307 3298 1399 3359 laetus

357 3396 370 3458 Ἴ
392 3453 397 3462 ,
452 3412 489 3455 ae
508 3412 633 3471 pressus,
654 3396 797 3457 iucundus
810 3404 847 3457 et
866 3396 969 3473 gravis,
991 3406 1054 3456 tum
1075 3396 1160 3473 copia
1180 3408 1242 3456 tum
1262 3396 1398 3456 brevitate
1449 3404 1454 3411 “

364 3490 382 3541 ᾗ
431 3525 435 3529 ›
451 3491 599 3567 mirabilis
613 3512 668 3553 nec
686 3494 802 3571 poetica
819 3492 920 3564 modo,
935 3495 987 3554 sed
1003 3496 1127 3553 oratoria
1141 3494 1240 3554 virtute
1254 3494 1396 3555 eminent·

365 3583 385 3650 ἐ
452 3588 577 3649 issimus
618 3589 696 3649 Nam
724 3602 756 3682 ut
782 3590 821 3651 de
847 3590 988 3663 laudibus,
1010 3592 1264 3664 exhortationibus,
1289 3588 1395 3653 oonso'·
1407 3600 1452 3657 47
