3609 4359
492 338 606 407 lll.19.]
811 341 925 389 eroon
948 342 1124 391 bacinos:
1390 351 1430 412 33

492 511 551 559 tam
565 498 726 562 adductae?
761 497 826 558 Nec
847 498 1032 558 dissimulavit
1052 498 1227 569 adulescens,
1241 500 1352 559 tertium
1372 501 1430 560 iarn
1443 501 1483 555 14

491 598 568 656 diem
594 616 657 657 esse
684 597 764 675 quod
792 598 872 656 omni
900 597 998 655 labore
1022 597 1156 655 materiae
1183 598 1221 655 ad
1248 599 1432 658 scribendum

491 695 649 755 destinatae
663 713 724 754 non
739 696 875 754 inveniret
890 695 1040 752 exordium
1053 712 1061 764 ;
1082 713 1139 771 quo
1155 694 1207 753 sibi
1222 713 1282 754 non
1296 714 1433 772 praesens

491 804 603 852 tanturn
630 792 722 863 dolor,
746 793 908 857 sedetiam
932 792 1092 868 desperatio
1113 793 1143 849 in
1173 802 1319 867 posterum
1343 794 1432 854 lieret.

491 891 570 949 Tum
584 890 686 950 Florus
699 889 841 960 adridens,
856 889 1015 966 ‘numquid
1029 886 1076 961 tu,’
1091 889 1189 966 inquit,
1205 890 1322 948 ‘melius
1336 890 1431 951 dicere

489 989 532 1046 vis
555 1007 644 1065 quam
665 985 786 1064 potesi'
830 990 874 1048 lta
898 1008 928 1048 se
950 1007 996 1048 res
1024 987 1129 1047 habet:
1154 988 1311 1046 curandum
1334 999 1377 1048 est
1398 999 1430 1048 ut
1442 995 1481 1048 15

452 1129 455 1135 .
490 1101 579 1160 quam
603 1083 713 1160 optime
735 1083 872 1156 dicamus,
897 1083 1054 1142 dicendum
1079 1093 1176 1140 tamen
1198 1099 1251 1158 pro
1278 1081 1451 1162 facultater

489 1181 529 1240 ad
552 1181 713 1259 proiectum
733 1182 812 1241 enim
834 1199 908 1258 opus
935 1191 979 1240 est
1005 1181 1110 1252 studio,
1133 1197 1194 1238 non
1221 1180 1432 1257 indignatione.

469 1277 531 1338 'Ut
551 1282 695 1358 possimus
715 1290 811 1339 autem
833 1280 958 1338 scribere
977 1279 1063 1336 etiam
1084 1277 1165 1355 plura
1181 1287 1210 1336 et
1227 1277 1358 1348 celerius,
1372 1293 1433 1337 non

483 1378 755 1537 {pppiffiqpnodo
768 1376 932 1456 praestabit,
947 1377 1049 1454 inqua
1063 1377 1125 1436 sine
1140 1375 1229 1436 dubio
1241 1374 1363 1434 multum
1380 1385 1433 1448 est,

558 1476 803 1583 etiamw
819 1492 880 1533 non
900 1474 1027 1550 resupini
1044 1482 1263 1552 spectantesque
1278 1484 1387 1534 tectum
1404 1483 1434 1534 et

490 1576 695 1652 cogitationem
731 1591 879 1632 murmure
912 1571 1054 1648 agitantes
1086 1573 1328 1648 expectaverimus
1361 1571 1434 1650 quid

489 1674 634 1744 obveniat,
650 1672 702 1732 sed
715 1670 786 1748 quid
800 1689 846 1729 res
860 1680 968 1748 poscat,
978 1669 1049 1746 quid
1059 1671 1217 1746 'personam
1231 1670 1340 1741 deceat,
1352 1669 1433 1747 quod

489 1771 525 1829 sit
546 1781 670 1846 tempus,
692 1769 742 1846 qui
767 1769 869 1827 iudicis
892 1769 1006 1826 animus
1030 1769 1132 1840 intuiti,
1152 1768 1281 1828 humano
1302 1770 1432 1847 quodam

488 1868 578 1927 modo
599 1868 637 1926 ad
657 1867 843 1926 scribendum
865 1867 1081 1928 accesserimus.
1123 1865 1169 1925 Sic
1193 1868 1276 1926 nobis
1298 1877 1327 1927 et
1351 1868 1431 1928 initia
1443 1867 1482 1920 16
1500 1905 1506 1916 ·

409 2012 411 2017 .
489 1976 518 2025 et
539 1984 615 2042 quae
640 1975 799 2042 sequuntur
820 1972 923 2023 natura
951 1963 1014 2040 ipsa
1035 1964 1207 2041 praescribit
1249 1964 1336 2025 Certa
1363 1976 1432 2026 sunt

478 2066 568 2145 ¹enim
587 2064 727 2141 pleraque
748 2074 786 2133 et,
806 2064 861 2121 nisi
882 2063 1077 2135 coniveamus,
1093 2062 1122 2120 in
1144 2061 1244 2122 oculos
1265 2063 1432 2138 incurrunt;

488 2162 611 2238 ideoque
634 2179 690 2220 nec
714 2160 824 2219 indocti
846 2176 902 2220 nec
924 2160 1019 2219 mstici
1043 2159 1092 2217 diu
1116 2171 1264 2237 quaerunt,
1286 2161 1434 2227 undein-

488 2261 611 2337 cipiant;
635 2278 695 2338 quo
715 2256 886 2335 pudendum
907 2268 950 2317 est
977 2258 1077 2333 magis,
1100 2258 1124 2316 si
1147 2256 1340 2318 difficultatem
1366 2260 1433 2319 lacit

489 2359 627 2417 doctrina
670 2355 741 2415 Non
754 2375 823 2432 ergo
836 2374 952 2433 semper
963 2365 1099 2433 putemus
1113 2355 1253 2431 optimum
1272 2369 1336 2416 esse
1349 2357 1432 2435 quod

489 2456 575 2515 latet:
598 2457 836 2514 immutescamus
856 2449 973 2532 alioqui,
992 2455 1016 2513 si
1038 2453 1107 2512 nibil
1127 2453 1283 2513 dicendum
1303 2455 1432 2514 videatur

488 2555 543 2612 nisi
568 2554 649 2630 quod
677 2572 738 2612 non
764 2552 935 2611 invenimus.
976 2551 1125 2612 Diversum
1158 2563 1202 2611 est
1231 2553 1296 2612 huic
1329 2571 1431 2612 eorum
1442 2553 1481 2611 17

488 2654 588 2711 vitium
602 2653 653 2729 qui
665 2652 761 2729 primo
776 2652 928 2711 decurrere
942 2669 993 2728 per
1001 2653 1150 2712 materiam
1163 2651 1228 2710 stilo
1241 2670 1328 2728 quam
1337 2652 1432 2712 veloc-

431 2806 435 2813 ,
489 2752 588 2810 issimo
609 2749 717 2822 volunt,
744 2760 773 2809 et
795 2759 949 2827 sequentes
971 2749 1099 2808 calorem
1122 2759 1208 2825 atque
1231 2751 1372 2826 impeturn
1393 2768 1431 2809 ex

405 2894 408 2903 ,
488 2859 619 2924 tempore
633 2847 761 2906 scribunt
770 2865 779 2919 ς
796 2847 876 2928 banc
897 2847 999 2905 silvam
1012 2857 1122 2906 vocant.
1166 2845 1313 2923 Repetunt
1326 2848 1432 2924 deinde

488 2957 518 3008 et
530 2954 709 3023 componunt
730 2963 805 3023 quae
825 2945 1003 3017 effuderant;
1024 2945 1075 3006 sed
1090 2947 1174 3005 verba
1192 2946 1382 3005 emendantur
1402 2955 1432 3005 et

488 3043 608 3116 numeri,
623 3053 722 3103 manet
735 3044 765 3101 in
779 3044 867 3104 rebus
882 3054 991 3103 temere
1006 3043 1151 3120 congestis
1164 3061 1239 3120 quae
1256 3044 1308 3102 init
1322 3043 1431 3104 levitas.

488 3141 624 3202 Protinus
637 3159 709 3215 ergo
722 3141 858 3202 adhibere
876 3132 977 3201 curam
991 3143 1096 3202 rectius
1114 3141 1174 3213 erit,
1188 3153 1275 3218 atque
1296 3143 1335 3203 ab
1349 3143 1430 3204 initio
1442 3149 1483 3204 ta

487 3240 529 3299 sic
557 3257 631 3317 opus
657 3239 764 3299 ducere
789 3252 822 3298 ut
849 3239 1030 3312 caelandum,
1054 3257 1114 3300 non
1141 3258 1179 3298 ex
1205 3240 1318 3318 integro
1345 3241 1431 3301 labri·

407 3392 409 3395 .
437 3327 440 3331 ¹
487 3338 615 3397 candum
643 3337 688 3396 sit.
735 3336 901 3415 Aliquando
928 3347 1027 3398 tamen
1053 3337 1182 3398 adlectus
1208 3355 1372 3416 sequemur,
1399 3339 1431 3398 in

488 3437 592 3517 quibus
605 3435 665 3495 lere
679 3434 745 3514 plus
758 3436 838 3496 calor
850 3454 940 3514 quam
954 3435 1100 3513 diligentia
1113 3434 1195 3494 valet

528 3533 604 3596 Satis
630 3544 750 3612 apparet
773 3554 810 3594 ex
838 3553 875 3595 eo
902 3534 984 3612 quod
1010 3533 1086 3592 banc
1116 3533 1312 3594 scribentium
1331 3533 1482 3613 segle-10

951 3651 972 3692 n
