3609 4359
384 378 421 438 26
580 390 856 439 rssrrrrrron'rs
877 390 1089 440 onan-ornan
1219 387 1302 452 [rto.
1378 347 1382 459 ι

379 545 498 621 piurima
522 544 553 604 in
584 555 712 622 posteros
738 545 928 604 tradiderunt:
962 547 1046 606 nobis
1080 565 1149 606 usus
1183 548 1302 606 aliarum
1369 535 1373 575 ³

379 661 469 701 rerum
484 642 521 701 ad
533 643 669 702 emendas
682 643 750 701 alias
764 660 823 700 non
837 642 970 719 proderit,
983 645 1033 704 sed
1049 644 1117 702 nibil
1131 645 1303 705 habebimus
1379 681 1381 716 :

379 740 431 798 nisi
447 741 574 800 beneficii
592 741 693 800 alieni?
712 740 848 816 quemad
867 741 986 800 modum
1000 742 1116 819 quidam
1136 743 1259 821 pictores
1272 743 1302 800 in
1380 813 1381 820 ι

379 838 408 897 id
421 838 510 897 solum
525 839 645 911 student,
659 852 690 898 ut
707 840 863 898 describere
883 839 993 899 tabulas
1012 842 1154 900 mensuris
1168 860 1202 902 ac
1221 841 1302 900 lineis
1374 818 1383 845 ¹'

348 930 475 996 rectane
509 936 606 1015 Turpe
619 938 702 996 etiarn
716 937 784 995 iliud
796 946 847 1008 est,
860 948 1028 996 contentum
1041 957 1105 998 esse
1119 939 1150 998 id
1163 937 1301 1016 consequi

377 1035 455 1110 qood
473 1036 596 1094 imiteris.
634 1034 710 1094 Nam
730 1052 826 1094 rursus
845 1034 913 1110 quid
934 1045 994 1094 erat
1015 1035 1149 1108 futurum,
1170 1037 1193 1095 si
1214 1053 1302 1096 nemo
1374 1081 1378 1096 .

375 1131 438 1209 pius
451 1133 636 1193 effecisseteo
649 1150 734 1210 quem
751 1133 938 1209 sequebatur?
967 1131 1045 1190 Nihil
1059 1133 1089 1192 in
1108 1135 1202 1210 poetis
1216 1149 1302 1210 supra
1378 1173 1381 1212 ι

375 1228 485 1290 livium
505 1231 710 1303 Andronicum,
737 1229 806 1288 nihii
827 1229 857 1287 in
881 1228 1003 1288 historiis
1023 1248 1110 1306 supra
1132 1229 1300 1306 pontificum
1378 1244 1380 1266 ι

375 1328 491 1388 annales
515 1327 698 1400 haberemus;
731 1327 837 1386 ratibus
861 1325 956 1386 adhuc
987 1328 1205 1403 navigaremus3
1239 1343 1301 1386 non

374 1434 449 1484 asset
470 1426 585 1502 pictura,
607 1424 660 1483 nisi
683 1442 757 1501 quae
780 1423 869 1483 lineas
891 1423 981 1483 modo
1005 1435 1149 1482 extremas
1173 1424 1300 1494 umbrae,

342 1529 461 1598 equam
483 1540 602 1600 corpora
622 1523 652 1580 in
673 1522 733 1582 sole
754 1522 892 1593 iecissent,
914 1522 1169 1581 circumscriberes
1210 1521 1254 1580 Ac
1275 1522 1300 1581 si

374 1621 470 1678 omnia
482 1637 654 1696 percenseas,
667 1619 744 1678 nulla
756 1621 859 1678 mansit
877 1638 923 1678 ars
937 1620 1030 1697 qualis
1049 1620 1165 1678 inventa
1178 1629 1231 1692 est,
1246 1637 1300 1678 nec
1369 1655 1372 1660 ,

374 1715 446 1775 intra
463 1717 572 1774 initium
590 1717 679 1776 stetit:
701 1717 754 1776 nisi
772 1716 843 1777 sorte
856 1727 956 1776 nostra
973 1718 1154 1795 potissimum
1170 1726 1301 1793 tempora

374 1813 543 1872 damnamus
555 1813 637 1873 buius
647 1813 821 1888 infelicitatis,
831 1829 863 1874 ut
872 1834 949 1873 nunc
959 1816 1078 1876 demum
1091 1813 1160 1873 nihil
1176 1824 1299 1874 crescat:

342 1910 443 1972 onihit
466 1926 560 1970 autem
583 1911 682 1971 crescit
706 1911 766 1970 soia
789 1913 954 1972 imitatione.
995 1912 1086 1986 Quod
1110 1913 1135 1972 si
1158 1913 1300 1990 prioribus

372 2009 483 2068 adicem
501 2009 544 2068 sas
565 2027 624 2068 non
645 2019 695 2079 est,
712 2027 770 2087 quo
793 2010 882 2069 modo
904 2028 1020 2088 sperare
1044 2027 1199 2087 possumus
1220 2009 1300 2068 illurn

372 2116 512 2166 oratorem
534 2105 706 2184 perfectum?
735 2125 802 2165 cum
822 2107 852 2164 in
872 2105 923 2174 bis.
944 2125 1018 2183 quos
1039 2108 1183 2166 maximos
1203 2106 1299 2166 adhuc
1376 2107 1379 2162 ἲ

373 2205 512 2273 nouimus,
527 2222 613 2264 nemo
631 2204 667 2262 sit
687 2204 816 2262 inventus
837 2205 864 2262 in
884 2221 945 2280 quo
965 2204 1033 2262 nihil
1055 2215 1103 2262 aut
1124 2203 1300 2262 desideretur
1377 2255 1379 2272 ,

373 2312 421 2360 aut
440 2301 663 2378 reprehendatur.
705 2300 762 2362 Sed
779 2302 865 2360 etiam
880 2303 929 2378 qni
948 2319 1061 2360 summa
1075 2320 1134 2361 non
1154 2301 1299 2378 adpetent,
1376 2317 1379 2394 ι

323 2405 364 2463 10
374 2401 544 2460 contendere
557 2402 749 2478 potiusquam
764 2401 844 2478 sequi
858 2400 971 2462 debent.
989 2461 994 2472 ,
1014 2399 1091 2458 Nam
1106 2401 1155 2478 qui
1169 2400 1226 2459 hoc
1240 2399 1300 2476 agit
1376 2397 1379 2474 ι

372 2506 404 2556 nt
428 2499 504 2575 prior
529 2499 572 2569 sit,
595 2499 710 2558 forsitan
735 2500 821 2558 etiam
847 2499 871 2558 si
898 2516 958 2557 non
986 2499 1128 2557 transierit
1156 2498 1298 2575 aequabit.
1366 2491 1378 2582 ¹3

371 2595 446 2656 Eum
458 2614 524 2666 sero
543 2614 628 2654 nemo
645 2606 739 2673 potest
750 2613 873 2672 aequare
891 2596 972 2655 cuius
986 2594 1112 2672 vestigiis
1125 2596 1179 2654 sibi
1199 2596 1298 2672 utique

370 2677 553 2753 insistendum
571 2703 667 2769 putat;
687 2711 802 2752 necesse
819 2703 863 2751 est
880 2693 959 2751 enim
973 2709 1086 2768 semper
1103 2691 1140 2752 sit
1159 2693 1299 2768 posterior
1322 2731 1326 2739 -
1374 2707 1379 2784 ι

370 2793 420 2870 qui
445 2792 574 2869 sequitur.
613 2790 696 2851 Adde
721 2789 800 2868 qnod
826 2789 994 2866 pierumque
1021 2787 1130 2847 facilius
1157 2799 1201 2848 est
1230 2790 1297 2866 plus
1364 2787 1378 2879 ι’

370 2889 559 2968 taoereqmm
572 2888 663 2961 idem;
683 2885 1086 2948 tentamenimdifficultatem
1100 2886 1187 2946 habet
1200 2885 1298 2945 simili·
1372 2888 1378 2961 ἰ

300 3041 306 3056 ,
369 2988 439 3048 tndo
452 3001 534 3047 utne
550 2987 611 3064 ipsa
622 2985 738 3065 quidem
756 2995 857 3044 natura
869 2984 899 3042 in
917 2981 996 3043 hoc
988 2993 1029 3042 ita
1042 2982 1177 3042 evaluerit
1191 2994 1297 3044 utnon
1373 2965 1377 3044 ι

369 3105 414 3147 res
426 3084 667 3163 quaesimiilimae
683 3100 812 3161 quaeque
829 3099 912 3158 pares
932 3080 1058 3141 maxime
1076 3081 1224 3141 videantur
1241 3082 1297 3142 nti·
1336 3055 1375 3158 ιι

326 3189 425 3262 nque
436 3183 596 3244 discrImine
608 3180 703 3260 aliquo
714 3180 917 3240 discernantur.
958 3177 1042 3238 Adde
1056 3177 1137 3256 quod
1151 3178 1356 3257 quidquid

368 3282 448 3342 alteri
465 3281 555 3341 simile
573 3293 626 3352 est,
637 3297 753 3340 necesse
771 3288 815 3339 est
834 3278 930 3338 minus
950 3279 985 3336 sit
1004 3295 1041 3338 eo
1058 3276 1168 3355 quod
1159 3279 1319 3373 imitatur,

367 3390 399 3440 nt
411 3380 512 3440 umbra
522 3396 641 3455 corpore
653 3388 682 3437 et
699 3378 794 3454 imago
806 3375 877 3453 facie
894 3386 924 3435 et
941 3385 1021 3436 actus
1038 3373 1210 3446 histrionum
1223 3377 1296 3436 veris
1370 3375 1377 3466 i

366 3477 530 3539 adietbbns
562 3475 671 3550 Quod
662 3494 692 3534 ιιι
705 3475 879 3536 orationibus
888 3491 1010 3554 quoque
1025 3471 1129 3533 evenit.
1159 3471 1297 3551 Namque

351 3576 404 3658 ‚iis
423 3593 498 3654 qnae
515 3575 547 3636 in
563 3573 728 3654 exemplum
745 3573 923 3633 adsumimus
943 3572 1042 3633 subest
1060 3580 1211 3633 naturaet
1227 3589 1296 3633 vera
