3609 4359
471 362 493 410 ι.
504 355 560 427 92.]
779 357 893 406 araur
916 356 1098 408 nacturus,
1367 363 1403 428 17

469 517 500 574 in
519 534 572 576 sua
590 515 712 593 quiaque
731 514 859 584 materia,
878 512 931 574 aed
949 513 1020 573 alter
1039 511 1163 588 humilis,
1182 511 1254 574 alter
1272 512 1407 576 difficilis.

468 613 618 675 Amemus
631 613 737 674 Vrsao
750 613 779 671 in
796 613 829 672 iis
847 632 898 690 per
912 630 987 690 quae
1006 628 1114 670 nomen
1133 620 1178 670 est
1191 610 1343 672 adsecutus
1360 611 1406 672 in·

470 722 575 790 terpres
595 713 689 789 operis
707 677 878 781 alienifnon
900 707 1079 786 spernendus
1097 706 1226 784 quidem,
1246 726 1352 790 verum*
1366 708 1404 767 ad
1523 775 1525 778 ¹

468 810 631 886 augendam
652 809 814 869 facultatem
839 807 952 867 dicendi
978 825 1080 884 pamm
1103 806 1239 888 lQleS·
1279 805 1404 866 Ειιιιιυιι
1419 808 1502 870 80²*
1518 803 1556 831 '⁶²

468 910 540 969 sicut
554 927 650 968 sacros
663 920 801 969 vetustate
815 908 896 967 lucos
909 907 1074 975 adoremus,
1086 905 1115 962 in
1127 905 1232 982 quibus
1246 903 1366 980 grandia
1377 914 1407 962 et

399 1025 413 1057 r
428 1009 448 1062 t
467 1006 585 1083 antiqua
599 1007 705 1077 robora
719 1009 776 1066 iam
790 1025 850 1066 non
868 1016 978 1064 tantam
996 1004 1103 1062 habent
1118 1003 1245 1079 speciem
1261 1011 1405 1078 quantam

400 1151 405 1178 ,
467 1103 642 1182 religionem.
675 1104 828 1181 Propiores
842 1105 897 1174 alii,
912 1113 999 1180 atque
1012 1100 1050 1160 ad
1063 1101 1120 1161 hoc
1135 1100 1172 1159 de
1186 1099 1245 1178 qtlo
1261 1099 1407 1178 loquimur

394 1150 436 1247 l
444 1202 664 1283 magisutilea
704 1201 995 1278 Lasptursquidem'
987 1219 1017 1258 ιιι
1034 1199 1130 1259 herois
1146 1215 1264 1276 quoque
1279 1197 1407 1258 Ovmrus
1442 1253 1443 1258 ,
1521 1230 1523 1238 ,

406 1299 497 1361 ψει
509 1300 631 1391 n'Qirrru
644 1312 754 1361 amator
764 1301 871 1378 ingenii
882 1301 935 1371 sui,
946 1299 1107 1359 laudandus
1117 1309 1214 1357 tamen
1225 1298 1256 1355 in
1267 1297 1404 1376 partibus.
1562 1363 1564 1370 ,
1584 1371 1585 1376 ¹

467 1396 635 1460 Comum
654 1410 752 1458 autern
773 1398 913 1469 Sannaus,
933 1397 1046 1458 etiamsi
1065 1397 1102 1456 sit
1122 1386 1296 1456 versificator
1316 1413 1405 1474 quam
1419 1403 1465 1458 80
1481 1405 1526 1438 v
1533 1381 1596 1470 ³'‘,‘

466 1507 553 1572 poeta
570 1497 679 1569 melior,
692 1497 717 1555 si
735 1505 841 1569 tamen,
855 1506 888 1556 ut
906 1507 950 1555 est
968 1495 1085 1568 dictum,
1100 1494 1138 1554 ad
1154 1493 1304 1580 exemplar
1319 1493 1406 1571 primi
1447 1503 1474 1539 μ’
1489 1505 1531 1560 *t*
1552 1515 1556 1520 ·

466 1594 529 1654 libri
552 1593 659 1653 bellum
687 1591 814 1651 Siculum
839 1593 1060 1669 perscripsisset,
1084 1593 1244 1652 vindicaret
1266 1591 1321 1651 sibi
1346 1592 1408 1650 iure

406 1707 420 1770 2
466 1692 625 1752 secundm
649 1691 755 1751 locum.
770 1671 785 1769 (
797 1691 961 1752 Sannauurr
984 1693 1179 1770 consum-mari
1200 1710 1280 1752 mors
1303 1691 1409 1750 imma·
1426 1701 1512 1728 ΛΜ
1531 1683 1582 1758 “⁴ss

416 1796 421 1808 “
465 1800 529 1849 tura
542 1808 602 1849 ιιοιι
615 1807 701 1866 passa
716 1763 769 1862 θεὴ
782 1789 900 1867 puerilia
915 1799 1013 1848 tamen
1026 1790 1087 1848 eius
1101 1807 1190 1866 opera
1203 1799 1232 1849 et
1246 1791 1406 1849 maximam

406 1903 443 1973 ,Δ
465 1884 591 1966 irjdglem
615 1887 770 1946 ostendunt
794 1898 823 1946 et
848 1885 1046 1959 admirabilem
1073 1888 1226 1964 praecipue
1254 1887 1285 1945 in
1313 1897 1406 1948 aetate

465 1982 513 2041 illa
526 1985 595 2044 recti
609 1986 723 2061 generis
736 1983 922 2044 voluntatem.
957 1983 1083 2043 Multum
1098 1985 1128 2044 in
1137 1983 1277 2046 Veranio
1288 1984 1404 2047 Fcacco
1417 1995 1466 2051 00

399 2099 419 2138 a
465 2099 564 2158 nuper
558 2101 727 2142 amrsrmus
769 2081 935 2142 Vehemens
948 2092 977 2142 et
990 2083 1136 2160 poeticum
1151 2083 1299 2160 ingenium
1313 2084 1405 2144 Sacer

464 2177 549 2239 Bassr
572 2181 630 2252 suit,
653 2199 707 2240 nec
730 2181 826 2258 ipsum
848 2190 995 2240 senectute
1017 2181 1161 2263 maturuit
1205 2179 1404 2244 Rrsmusac

464 2276 546 2343 Pano
563 2296 623 2337 non
642 2279 753 2356 indigni
772 2278 951 2355 cognitione,
969 2278 993 2336 si
1010 2287 1100 2338 vacet.
1141 2277 1280 2341 Lucanus
1298 2281 1405 2342 ardens
1440 2233 1560 2375 *4²⁶⁸

463 2384 494 2434 et
510 2377 671 2436 concitatus
688 2387 717 2436 et
735 2376 884 2435 sententiis
902 2375 1087 2446 clarissimus,
1102 2386 1141 2450 et,
1158 2387 1191 2436 ut
1209 2379 1306 2438 dicam
1324 2379 1406 2457 quod

463 2473 565 2547 sentio,
589 2475 684 2551 magis
702 2475 870 2550 oratoribus
894 2491 984 2552 quam
1010 2474 1104 2550 poetis
1130 2474 1295 2538 imitandus.
1337 2477 1403 2537 Hos
1418 2489 1461 2546 οι

462 2561 682 2646 nominavimus,
702 2568 770 2645 quia
790 2565 994 2627 Gnmurcmr
1014 2568 1182 2628 Aucusruu
1206 2569 1244 2629 ab
1266 2569 1405 2630 institutis

462 2663 564 2724 studiis
586 2664 702 2725 deflexit
725 2683 795 2724 cura
817 2677 967 2736 terrarum,
989 2682 1152 2742 parumque
1175 2667 1220 2726 dis
1242 2667 1336 2728 visum
1360 2679 1405 2728 est

462 2779 526 2822 esse
548 2781 616 2822 eum
638 2763 798 2822 maximum
826 2774 988 2840 poetarum.
1029 2762 1109 2837 Quid
1137 2773 1234 2825 tamen
1262 2765 1307 2826 his
1334 2767 1406 2844 ipsis

461 2861 524 2920 eius
555 2861 701 2937 operibus,
735 2861 767 2918 in
801 2878 876 2938 quae
910 2860 1021 2921 donato
1055 2863 1177 2939 imperio
1211 2849 1321 2924 iuvenis
1360 2882 1406 2924 se-

461 2970 593 3030 cesserat,
615 2958 774 3029 sublimius,
802 2959 924 3032 doctius,
953 2960 1090 3020 omnibus
1118 2961 1247 3040 denique
1273 2963 1406 3023 numeris

403 3082 435 3165 Ῑ
460 3057 670 3134 praestantius?
720 3054 796 3128 Quis
822 3057 902 3116 enim
930 3068 1047 3118 caneret
1076 3059 1151 3119 bella
1179 3060 1283 3120 melius
1313 3079 1405 3139 quam

392 3155 512 3234 qui
531 3155 573 3214 sic
592 3136 687 3232 geritl
725 3153 825 3227 Quem
844 3155 1042 3237 prmrdentes
1063 3157 1164 3216 studiis
1188 3158 1260 3218 deae
1282 3159 1404 3238 propius
1441 3128 1576 3228 punt

390 3256 393 3265 '
459 3251 610 3312 audirent?
649 3251 706 3312 Cui
729 3253 823 3329 magis
847 3269 916 3312 suaa
940 3263 1017 3314 artes
1041 3254 1165 3332 aperiret
1187 3253 1324 3318 familiare
1347 3275 1401 3318 nu·
1415 3271 1498 3328 σε
1476 3233 1578 3318 ,ι’-«ἴω

459 3367 529 3410 men
556 3349 724 3409 Minervae?
775 3349 882 3411 Dicent
913 3349 986 3411 haec
1013 3352 1126 3430 plenius
1059 3335 1249 3413 *sutura
1277 3355 1401 3429 saecula,
1556 3345 1583 3358 ”

459 3465 538 3507 nuuc
551 3448 637 3508 enirn
661 3459 821 3508 ceterarum
845 3448 958 3527 fulgore
981 3451 1118 3510 virtutum
1145 3450 1210 3511 laus
1237 3452 1292 3512 ista
1318 3471 1403 3530 prae·

392 3505 432 3613 lc
501 3545 612 3623 gitur.
653 3544 723 3607 Nos
744 3556 842 3607 tamen
869 3566 955 3608 sacra
982 3547 1140 3609 litterarum
1164 3549 1293 3649 colentes
1317 3511 1478 3631 teresi}
1485 3551 1573 3584 ”⁶

388 3710 769 3881 invasam
797 3746 1194 3865 „popano-mn
1228 3703 1490 3838 Μὴ
