3609 4359
545 366 662 434 vrr.29.]
853 367 968 418 aroer
992 367 1170 421 nectarus,
1444 377 1486 438 49

540 536 663 606 paratur.
706 525 765 586 Ars
787 525 866 586 enim
891 524 980 586 semel
1002 539 1136 604 percepta
1167 547 1226 588 non
1249 530 1377 603 elabitur,
1405 532 1487 592 stilus

540 642 656 703 quoque
684 624 896 685 intermissione
928 624 1050 702 paulurn
1082 625 1238 684 admodum
1272 629 1308 688 de
1342 630 1486 692 celeritate

528 725 690 803 deperdit:
716 734 883 802 promptum
907 723 963 784 hoc
989 735 1017 784 et
1043 724 1071 781 in
1094 725 1228 802 expedito
1253 729 1379 803 positum
1403 751 1487 792 exer-

541 824 673 884 citatione
698 823 759 883 sola
782 823 954 883 continetur.
1006 822 1073 882 Hac
1098 824 1138 882 uti
1160 825 1201 882 sic
1225 826 1365 901 optimum
1390 840 1486 891 estut

541 922 644 983 cotidie
664 922 794 982 dicamus
812 922 991 983 audientibus
1010 923 1145 1000 pluribus,
1163 923 1288 983 maxime
1306 924 1341 984 de
1361 945 1486 1004 quorum

540 1022 628 1081 simus
649 1021 756 1082 iudicio
781 1032 867 1100 atque
887 1022 1027 1100 opinione
1050 1021 1160 1080 solliciti
1172 1043 1182 1096 ;
1212 1040 1309 1082 rarum
1336 1034 1380 1085 est
1406 1027 1484 1085 enim

540 1131 571 1181 ut
595 1121 661 1182 satis
684 1139 715 1181 se
737 1120 859 1201 quisque
881 1131 1019 1181 vereatur.
1070 1119 1124 1179 Vel
1148 1119 1201 1180 soli
1229 1131 1327 1181 tamen
1354 1123 1485 1184 dicamus

539 1221 635 1299 potius
655 1238 744 1299 quam
765 1238 826 1280 non
846 1220 969 1280 omnino
989 1220 1129 1280 dicamus.
1170 1219 1223 1280 Est
1244 1219 1300 1282 alia
1320 1222 1485 1283 exercitatio
1498 1233 1539 1288 26

539 1319 684 1398 cogitandi
698 1329 829 1399 totasque
845 1319 980 1380 materias
995 1319 1040 1379 vel
1061 1317 1174 1379 silentio
1190 1319 1273 1394 (dum
1289 1331 1387 1380 tamen
1401 1323 1485 1402 quasi

423 1436 431 1448 ·
539 1419 614 1479 dicat
636 1419 710 1479 intra
731 1437 763 1480 se
791 1416 901 1497 ipsum)
928 1417 1129 1496 persequendi,
1155 1436 1229 1496 quae
1257 1419 1338 1479 nullo
1366 1438 1427 1479 non
1456 1432 1485 1480 et

538 1529 668 1596 tempore
694 1528 723 1578 et
750 1517 825 1588 loco,
854 1515 975 1594 quaudo
998 1535 1060 1578 non
1088 1516 1166 1576 aliud
1194 1517 1317 1595 aginam,
1345 1520 1483 1596 explicari

538 1625 640 1695 potest,
661 1624 690 1675 et
710 1625 754 1676 est
774 1617 803 1674 in
825 1625 906 1693 parte
926 1615 1021 1675 utilior
1041 1613 1130 1693 quarn
1151 1616 1223 1676 haec
1243 1618 1397 1693 proxima3
1423 1620 1484 1680 dili-
1498 1629 1540 1684 26

537 1715 652 1790 gentius
674 1713 753 1773 enim
775 1713 962 1790 componitur
983 1731 1071 1792 quam
1094 1713 1150 1787 illa,
1173 1715 1204 1774 in
1231 1734 1288 1794 qua
1315 1731 1483 1780 contextum

538 1813 653 1874 dicendi
673 1812 858 1872 intermittere
878 1830 1019 1871 veremur.
1061 1812 1173 1874 Rursus
1193 1815 1223 1872 in
1243 1815 1299 1876 alia
1319 1816 1385 1894 plus
1402 1819 1482 1896 prior

538 1911 658 1983 confert,
672 1911 751 1971 vocis
766 1910 939 1981 firmitatem,
954 1911 1013 1970 oris
1030 1910 1199 1984 facilitatem,
1214 1925 1327 1974 motum
1345 1918 1483 1994 corporis,

536 2013 629 2090 quiet
646 2011 717 2088 ipse,
732 2019 764 2069 ut
781 2007 850 2082 dixi,
864 2009 972 2070 excitat
987 2020 1131 2071 oratorem
1151 2022 1180 2072 et
1195 2012 1350 2076 iactatione
1367 2034 1483 2090 manus,

536 2111 618 2191 pedis
645 2108 841 2190 supplosioue‚
869 2107 943 2169 sicut
969 2108 1064 2168 cauda
1092 2109 1193 2170 leones
1220 2110 1313 2172 facere
1340 2112 1483 2191 dicuntur,

535 2210 673 2272 hortatur.
723 2206 905 2268 Studendum
926 2225 996 2266 vero
1021 2225 1137 2285 semper
1161 2219 1189 2269 et
1211 2211 1325 2290 ubique.
1378 2213 1484 2294 Neque
1496 2221 1537 2279 27

536 2310 614 2370 enim
630 2307 690 2368 fere
703 2316 764 2366 tam
777 2315 821 2366 est
834 2305 910 2365 ullus
924 2305 988 2366 dies
1004 2316 1173 2387 occupatus,
1188 2320 1220 2368 ut
1233 2309 1303 2369 nihil
1318 2311 1482 2388 lucrativae,

536 2419 567 2468 ut
590 2405 695 2468 Cicero
719 2404 840 2464 Brutum
863 2404 959 2465 facere
981 2405 1074 2479 tradit,
1101 2424 1206 2484 operae
1233 2408 1271 2468 ad
1298 2411 1483 2473 scribendum

535 2516 584 2567 aut
608 2503 764 2583 legendum
786 2513 836 2563 aut
855 2501 1011 2562 dicendum
1035 2505 1097 2582 rapi
1120 2505 1218 2584 aliquo
1237 2520 1391 2569 momento
1411 2523 1483 2571 tem·

534 2606 614 2685 poris
637 2603 747 2683 possit:
778 2601 923 2680 siquidem
948 2600 983 2663 C.
1007 2600 1105 2663 Carbo
1127 2603 1216 2666 etiam
1238 2606 1269 2665 in
1296 2609 1483 2670 tabernaculo

535 2704 647 2764 solebat
673 2702 728 2762 hac
757 2702 798 2761 uti
825 2700 1031 2761 exercitatione
1059 2702 1181 2764 dicendi.
1231 2703 1279 2766 Ne
1306 2706 1336 2766 id
1363 2707 1483 2788 quidem
1496 2715 1539 2770 28

535 2801 690 2864 tacendum
703 2808 756 2875 est,
765 2800 846 2879 quod
859 2799 955 2860 eidem
969 2798 1103 2862 Cicemni
1113 2801 1216 2881 placet,
1224 2804 1336 2863 nullum
1350 2817 1483 2867 nostrum

418 2920 423 2928 ’
534 2920 659 2981 usquam
673 2900 878 2987 neglegentem
892 2917 956 2961 esse
971 2918 1153 2963 sermonem:
1173 2903 1315 2981 quidquid
1328 2905 1483 2985 loquemur
1524 2951 1527 2956 -

534 3002 718 3079 ubicumque,
731 3000 768 3061 sit
782 3017 836 3078 pro
848 3018 902 3060 sua
916 2999 1025 3061 scilicet
1039 3001 1172 3080 portione
1185 3003 1353 3082 perfectum.
1386 3005 1483 3068 Scrib-

534 3100 645 3162 eudum
672 3108 749 3160 certe
777 3116 941 3177 numquam
967 3109 1012 3160 est
1043 3101 1137 3180 magis
1169 3120 1259 3180 quam
1291 3121 1361 3164 cum
1392 3108 1484 3168 multa

534 3201 664 3286 dicemus
691 3217 728 3260 ex
756 3208 896 3276 tempore.
948 3197 995 3257 Ita
1020 3199 1100 3258 enim
1127 3201 1285 3262 servabitur
1311 3204 1428 3280 pondus
1454 3218 1483 3268 et

533 3299 670 3360 innatans
688 3296 736 3357 illa
755 3298 909 3358 verborum
931 3297 1050 3358 facilitas
1070 3299 1101 3358 in
1121 3299 1213 3359 altum
1231 3300 1393 3378 reducetur,
1410 3305 1483 3366 sicut

533 3397 632 3459 rustici
657 3396 806 3477 proximas
831 3397 896 3457 vitis
924 3395 1034 3458 radices
1063 3407 1223 3475 amputant,
1245 3416 1321 3478 quae
1345 3400 1425 3462 illam
1450 3404 1482 3464 in

533 3514 681 3558 summum
694 3496 789 3556 solum
802 3495 921 3568 ducunt,
934 3506 967 3557 ut
980 3495 1130 3557 inferiores
1143 3495 1258 3573 penitus
1274 3498 1482 3564 descendendo

534 3596 689 3658 firmentur.
730 3593 776 3656 Ac
790 3595 891 3656 nescio
911 3613 949 3654 an
964 3595 988 3654 si
1004 3603 1159 3671 utrumque
1171 3612 1241 3655 cum
1253 3614 1324 3659 cura
1337 3609 1367 3660 et
1383 3588 1512 3665 studioa
