3609 4359
505 424 527 472 l.
541 418 611 484 rra]
819 419 936 472 LIBER
958 419 1139 472 DECIMUS.
1405 427 1441 472 at

503 581 650 652 mirantur,
665 578 777 638 diversa
795 575 893 638 Latini
911 580 1055 640 sermonis
1073 581 1146 641 ratio
1163 579 1259 639 minus
1277 579 1446 658 permiserit.

504 676 540 734 ln
554 678 682 754 epistulis
695 676 822 754 quidem,
837 695 1016 756 quamquam
1034 689 1100 737 sunt
1113 678 1266 755 utriusque,
1280 677 1445 753 dialogisve,

503 775 608 851 quibus
626 775 698 833 nihil
717 775 771 844 ille,
786 776 865 835 nulla
883 777 1033 835 contentio
1050 785 1103 835 est.
1144 774 1316 835 Cedendum
1330 793 1397 835 vero
1415 776 1446 835 in
1458 775 1523 833 108

503 872 567 945 hoc,
592 873 672 951 quod
694 883 724 932 et
747 875 827 951 prior
849 873 902 932 luit
925 886 954 934 et
978 893 1015 934 ex
1040 892 1148 952 magna
1169 886 1248 951 parte
1272 872 1447 933 Ciceronem

502 984 628 1049 quantus
646 983 691 1032 est
704 971 780 1031 fecit
821 971 901 1032 Nam
920 973 991 1032 rnihi
1008 974 1119 1033 videtur
1137 972 1180 1031 M.
1193 959 1314 1045 Tullius,
1329 991 1396 1032 curn
1415 991 1446 1034 se

503 1079 596 1127 totum
621 1070 660 1130 ad
683 1071 874 1131 imitationem
898 1070 1079 1132 Graecorum
1103 1069 1278 1142 contulisset,
1301 1071 1447 1133 effinxisse

502 1167 562 1226 vim
575 1157 791 1243 Demosthenis,
802 1170 919 1248 copiam
934 1170 1069 1243 Platonis,
1084 1169 1288 1229 iucunditatem
1302 1165 1446 1230 Isocratis.

503 1265 650 1334 Hoevero
664 1267 743 1346 quod
759 1270 790 1327 in
808 1287 927 1347 quoque
941 1269 1085 1346 optimum
1098 1267 1150 1326 tuit
1164 1267 1258 1326 studio
1271 1276 1446 1329 consecutus
1457 1275 1524 1331 loo

501 1374 546 1425 est
570 1375 691 1445 tan-tum,
713 1366 766 1425 sed
789 1367 928 1444 plurimas
949 1366 994 1426 vel
1018 1367 1114 1444 potius
1136 1383 1241 1425 omnes
1264 1382 1301 1425 ex
1325 1383 1357 1424 se
1380 1365 1446 1442 ipso

500 1465 618 1524 virtutes
649 1465 749 1524 extulit
781 1465 950 1524 immortalis
981 1465 1088 1544 ingenii
1117 1463 1280 1524 beatisuma
1305 1464 1445 1524 ubertate.

501 1560 573 1623 Non
590 1563 669 1623 enim
689 1559 839 1639 ‘pluvias'
851 1573 885 1620 ut
902 1565 942 1622 ait
961 1563 1110 1635 Pindarus,
1131 1565 1240 1641 ‘aquas
1258 1561 1375 1638 colligit,
1395 1561 1447 1622 sed

502 1661 566 1721 vivo
579 1661 690 1738 gurgite
703 1657 849 1732 exundat'
863 1660 944 1721 dono
963 1663 1093 1740 quodam
1109 1661 1304 1740 providentiae
1321 1660 1446 1738 genitus,

501 1757 532 1815 in
560 1776 620 1832 quo
648 1768 723 1816 totas
747 1759 823 1817 vires
850 1776 919 1818 suas
947 1759 1110 1837 eloquentia
1136 1760 1320 1837 experiretur.
1366 1758 1446 1818 Nam

501 1855 567 1932 quis
585 1855 690 1914 docere
709 1855 882 1932 diligentius,
897 1875 1013 1917 movere
1026 1858 1222 1918 vehementius
1235 1858 1349 1934 potest?
1389 1855 1444 1915 Cui
1458 1854 1517 1910 110

501 1962 582 2013 tanta
595 1970 735 2029 umquam
755 1954 918 2013 iucunditas
936 1953 1044 2014 adsuit?
1065 1964 1098 2015 ut
1115 1956 1179 2032 ipsa
1196 1955 1243 2013 illa
1261 1973 1336 2032 quae
1349 1965 1446 2015 extor-

501 2060 572 2130 quet
595 2051 749 2128 impetrare
770 2068 839 2111 eum
859 2051 972 2125 credas,
992 2062 1109 2112 etcum
1129 2064 1322 2112 transversum
1340 2054 1369 2111 vi
1392 2071 1445 2113 sua

501 2147 626 2208 iudicem
638 2148 720 2221 ierat,
730 2158 829 2209 umen
843 2150 890 2210 ille
905 2169 965 2209 non
979 2151 1041 2228 rapi
1051 2151 1188 2222 videatur,
1198 2149 1249 2208 sed
1263 2149 1354 2228 sequi.
1381 2147 1446 2208 Iam
1457 2150 1513 2204 111

501 2247 533 2306 in
550 2247 687 2306 omnibus
704 2265 780 2324 quae
798 2246 867 2307 dicit
886 2259 969 2307 tanta
986 2249 1141 2308 auctoritas
1159 2247 1232 2306 inest
1249 2256 1281 2306 ut
1299 2247 1446 2306 dissentire

500 2344 616 2422 pudeat,
629 2363 685 2404 nec
700 2346 832 2406 advocati
846 2347 975 2405 studium
992 2343 1044 2406 sed
1060 2346 1140 2406 testis
1158 2355 1208 2405 aut
1225 2345 1327 2404 iudicis
1340 2344 1449 2404 adserat

495 2444 608 2518 lidem3
629 2461 698 2502 curn
718 2444 835 2503 interim
854 2444 928 2504 haec
948 2445 1057 2518 omnia,
1077 2462 1151 2522 quae
1170 2443 1217 2502 vix
1238 2444 1350 2520 singula
1368 2443 1448 2520 quis·

498 2560 590 2620 quam
609 2542 800 2601 intentissima
814 2561 884 2602 cura
899 2544 1040 2621 consequi
1058 2554 1164 2620 posset,
1177 2541 1270 2601 fluunt
1287 2541 1448 2601 inlaborata

498 2649 530 2700 et
542 2639 600 2714 illa,
615 2657 675 2717 qua
687 2640 763 2699 nihil
773 2639 919 2718 pulchrius
937 2641 1069 2700 auditum
1087 2650 1139 2713 est,
1152 2641 1244 2700 oratio
1263 2638 1446 2718 praesefert

498 2748 599 2798 tamen
617 2737 816 2798 felicisnmam
831 2737 1006 2799 facilitatem
1046 2737 1146 2812 Quare
1163 2757 1223 2799 non
1243 2738 1386 2797 immerito
1405 2738 1445 2796 ab
1457 2735 1514 2792 ua

498 2835 666 2897 hominibus
681 2837 784 2896 aetatis
802 2855 872 2896 suae
888 2856 1011 2915 regnare
1024 2837 1055 2895 in
1068 2836 1180 2897 iudiciis
1195 2836 1287 2896 dictus
1301 2845 1352 2908 est,
1367 2835 1446 2913 apud

498 2945 633 3014 posteros
650 2939 721 2995 vero
737 2934 769 2994 id
786 2947 971 3010 consecutus,
989 2945 1022 2995 ut
1040 2932 1144 2995 Cicero
1163 2935 1221 2993 iam
1239 2953 1300 2994 non
1320 2933 1446 2994 hominis

497 3050 608 3094 nomen
622 3033 674 3093 sed
686 3032 870 3110 eloquentiae
882 3031 1031 3092 habeatur.
1069 3033 1159 3093 Hunc
1172 3032 1258 3110 igitur
1271 3044 1444 3109 spectemus,

386 3142 389 3155 ·
497 3131 556 3192 hoe
580 3131 763 3210 propootun
786 3132 874 3190 nobis
897 3131 936 3190 sit
958 3131 1134 3207 exemplum,
1157 3130 1204 3189 ille
1231 3148 1263 3190 se
1289 3129 1444 3206 proiecisse

496 3231 577 3304 sciat,
589 3230 636 3290 cui
646 3227 752 3290 croero
762 3229 847 3288 valde
859 3228 995 3308 plaoebit.
1023 3226 1119 3288 Multa
1131 3229 1162 3286 in
1175 3227 1280 3288 Asinio
1293 3227 1444 3288 Pomona
1455 3229 1512 3288 nt

494 3328 632 3402 inventio,
660 3345 777 3386 summa
820 3302 972 3414 ἶῐίΐοῖῗιῖζ]
990 3326 1065 3387 adeo
1095 3335 1129 3385 ut
1154 3325 1330 3404 quibusdam
1355 3325 1444 3386 etiam

495 3426 586 3485 nimia
595 3425 733 3500 videatur,
744 3433 775 3484 et
783 3424 899 3485 consilii
910 3435 942 3486 et
956 3421 1045 3484 animi
1059 3424 1145 3484 satis:
1164 3442 1184 3483 a
1196 3425 1290 3483 nitore
1299 3435 1330 3484 et
1342 3424 1444 3484 iucun-

372 3578 383 3606 .,
494 3524 585 3585 ditate
604 3522 755 3584 Ciceronis
778 3523 820 3583 ita
839 3523 931 3600 longe
952 3524 1035 3583 abest
1057 3531 1092 3582 ut
1108 3521 1194 3582 videri
1216 3523 1307 3600 possit
1329 3521 1445 3583 neeulo

376 3615 379 3623 ’
490 3611 583 3702 prior·
616 3621 663 3682 At
676 3620 838 3682 Massam
850 3620 960 3704 nitidus
972 3629 1002 3680 et
1015 3618 1155 3680 candidus
1168 3629 1198 3678 et
1210 3617 1339 3698 quodam
1352 3618 1432 3678 mod¹
