3609 4359
345 379 385 436 24
542 373 817 422 rn'srrrwronrs
837 373 1051 423 onarornrc
1160 370 1194 434 [1.
1207 384 1263 434 125.

342 528 454 588 doendi
476 545 565 606 genus
586 547 715 589 revocare
738 528 776 588 ad
801 529 942 590 severiora
968 531 1073 590 iudicia
1099 529 1263 603 contendo;
1333 515 1338 552 ‘³

343 637 403 685 tum
420 637 515 685 autem
532 627 608 686 solus
626 627 673 686 hic
686 626 742 686 iere
759 628 788 685 in
806 628 940 686 manibus
956 628 1183 688 adulescentium
1200 627 1263 688 t'uit.

272 728 331 784 120
344 724 437 797 Quem
457 743 517 784 non
537 725 667 802 equidem
687 726 806 784 omnino
828 727 955 784 conabar
974 737 1114 798 excutere,
1135 727 1263 803 sedpoe

342 824 455 895 tioribus
477 823 603 899 praelerri
624 842 683 884 non
706 825 841 891 sinebam,
864 841 939 899 quos
962 824 1007 884 ille
1031 843 1091 884 non
1118 825 1264 884 destiterat

340 922 486 991 incessere,
499 939 566 980 cum
583 921 684 980 diversi
701 922 754 979 sibi
771 921 904 980 conscius
921 923 1033 997 generis
1051 923 1162 999 plaeere
1181 941 1213 984 se
1231 923 1262 980 in
1341 909 1344 916 ’

340 1018 459 1078 dicendo
472 1038 555 1096 posse
568 1021 601 1078 iis
613 1021 716 1096 quibus
729 1020 767 1077 illi
781 1019 927 1095 placerent
941 1019 1085 1082 diffideret.
1113 1021 1263 1080 Amabant
1343 1057 1348 1076 r

340 1129 433 1177 autem
452 1135 517 1176 eum
536 1119 626 1195 magis
644 1135 730 1195 quam
751 1118 942 1188 imitabantur,
962 1128 1131 1194 tantumque
1153 1119 1191 1178 ab
1212 1117 1262 1178 illo
1343 1157 1346 1182 r

270 1216 499 1279 mansuetans
515 1230 652 1292 quantum
671 1215 717 1274 ille
736 1216 774 1273 ab
792 1215 916 1292 antiquis
936 1214 1132 1274 descenderat.
1173 1215 1262 1276 Foret
1348 1221 1361 1302 ζ

340 1316 415 1373 enim
433 1312 587 1389 optandum
605 1331 689 1390 pares
708 1332 742 1373 ac
762 1313 862 1372 saltem
884 1314 1032 1389 proximos
1051 1313 1089 1370 illi
1109 1315 1171 1374 viro
1191 1313 1262 1372 fieri.
1360 1305 1362 1311 ’

340 1409 397 1470 Sed
415 1410 542 1486 placebat
550 1389 671 1487 ⁸propter
684 1410 745 1468 sola
757 1409 823 1467 vitia
835 1419 865 1468 et
877 1408 916 1467 ad
929 1425 964 1468 ea
977 1425 1009 1468 se
1022 1409 1144 1486 quisque
1157 1408 1260 1486 dirige·

339 1508 388 1566 bat
412 1507 577 1584 effingenda,
602 1526 677 1584 quae
701 1518 827 1585 poterat3
857 1505 963 1568 deinde
990 1523 1058 1566 cum
1085 1524 1116 1566 se
1144 1507 1261 1568 iactaret

269 1611 329 1671 120
340 1604 440 1679 eodem
452 1604 538 1664 modo
550 1606 651 1676 dicere,
667 1605 804 1664 Senecam
815 1605 979 1664 infamabat.
1007 1604 1097 1664 Cuius
1110 1617 1138 1664 et
1152 1605 1261 1664 multae

340 1701 444 1778 alioqui
470 1712 498 1760 et
523 1720 644 1778 magnae
666 1705 778 1761 virtutes
803 1702 924 1774 luerunt,
948 1704 1095 1780 ingenium
1123 1701 1205 1762 facile
1231 1712 1261 1760 et

340 1801 496 1876 copiosum,
509 1799 659 1876 plurimum
675 1801 766 1868 studii,
782 1801 871 1859 multa
889 1819 985 1859 rerum
1004 1802 1137 1878 cognitio,
1152 1801 1183 1859 in
1202 1818 1261 1876 qua

340 1908 433 1956 umen
445 1897 595 1973 aliquando
607 1899 644 1957 ab
657 1897 701 1956 bis
714 1899 816 1974 quibus
834 1899 1002 1974 inquirenda
1020 1899 1163 1975 quaedam
1177 1916 1260 1958 man·

268 1993 628 2071 laudabatdeceprnsese
655 1994 797 2054 Tractavit
807 1995 891 2052 etiam
901 2013 1020 2054 ornnem
1031 1995 1089 2055 iere
1099 1995 1260 2055 studiorum

339 2094 498 2164 materiam
518 2110 585 2150 nam
601 2105 629 2152 et
646 2093 788 2151 orationes
806 2093 866 2150 eius
883 2101 913 2150 et
931 2102 1066 2167 poemata
1079 2102 1107 2150 et
1120 2093 1259 2168 epistulae
1352 2113 1354 2132 =

338 2199 368 2248 et
379 2189 481 2266 dialogi
495 2189 624 2249 seruntur.
664 2190 699 2248 In
716 2189 893 2267 philosophia
913 2206 1015 2264 parum
1033 2189 1163 2265 diligens,
1177 2208 1259 2266 egre·
1352 2229 1355 2268 ξ

337 2287 399 2362 gius
411 2298 504 2346 umen
517 2289 644 2347 vitiorum
657 2289 805 2348 insectator
815 2287 873 2346 luit
894 2285 1004 2346 Multae
1017 2287 1259 2365 ineoclaraeque
1353 2271 1355 2342 ἶ

338 2385 497 2457 sententiae,
520 2385 607 2444 multa
630 2387 715 2444 etum
739 2403 851 2444 morum
876 2385 969 2460 gratia
995 2384 1127 2460 legenda,
1153 2385 1258 2450 sedin
1344 2365 1356 2466 γ’

338 2481 497 2559 eloquendo
522 2496 652 2559 corrupta
677 2483 812 2560 pleraque
838 2492 924 2558 atque
950 2500 986 2542 eo
1010 2482 1258 2560 perniciosissima,
1340 2467 1358 2541 if

266 2589 329 2647 130
339 2581 416 2658 quod
435 2581 578 2640 abundant
597 2583 725 2642 dulcibus
739 2583 819 2640 vitiis
858 2581 956 2641 Velles
976 2599 1044 2640 eum
1064 2599 1118 2642 suo
1138 2581 1258 2658 ingenio

338 2680 449 2753 dixisse,
468 2670 560 2739 alieno
578 2681 697 2753 iudicio;
716 2699 784 2740 nam
803 2680 828 2739 si
846 2680 963 2758 obliqua
982 2680 1211 2757 contempsisset,
1231 2679 1257 2740 si
1354 2695 1356 2702 ·

337 2796 436 2855 parum
453 2790 530 2836 recta
546 2795 605 2839 non
621 2778 807 2854 concupisset,
820 2777 846 2836 si
862 2795 923 2836 non
938 2778 1036 2836 omnia
1053 2795 1106 2836 sua
1121 2786 1256 2850 amasset,
1346 2759 1348 2772 ¹

336 2875 362 2934 si
384 2892 476 2934 rerum
498 2875 624 2952 pondera
644 2875 837 2934 minutissimis
858 2875 1005 2934 sententiis
1031 2893 1091 2936 uon
1113 2874 1256 2952 fregisset,
1285 2911 1290 2920 ·

336 2989 475 3032 consensu
487 2973 580 3049 potius
590 2973 761 3032 eruditorum
777 2990 866 3051 quam
881 2990 1037 3047 puerorum
1055 2991 1156 3032 amore
1173 2989 1256 3032 com·
1343 3023 1357 3042 ,.

271 3070 508 3145 mprobaretur.
546 3069 652 3129 Verum
668 3070 709 3130 sic
725 3071 846 3147 quoque·
858 3069 917 3129 iam
930 3069 1058 3130 robustis
1070 3080 1100 3130 et
1112 3069 1268 3142 severiore·
1318 3075 1350 3154 Ιχ

335 3184 438 3244 genere
463 3168 529 3226 satis
550 3167 666 3226 firmatis
691 3167 829 3245 legendus
850 3169 894 3227 vel
921 3167 988 3228 ideo
1013 3168 1093 3244 quod
1119 3185 1255 3228 exercere
1345 3179 1352 3194 ·

334 3273 426 3341 potest
437 3265 577 3343 utrimque
589 3265 731 3325 iudicium.
770 3264 863 3325 Multa
875 3265 964 3336 eninr,
978 3274 1010 3324 ut
1022 3265 1090 3337 dixi,
1103 3265 1255 3342 probanda
1321 3315 1326 3326 .
1347 3347 1349 3350 Ι

334 3362 526 3434 insenum
542 3363 628 3422 mam
644 3362 810 3422 admiranda
829 3374 913 3435 suut;
934 3361 1039 3438 sigere
1056 3363 1147 3424 modo
1167 3379 1254 3421 cume
1330 3344 1334 3354 ¹

334 3457 845 3538 sitquodutimmipseiecisset.
897 3457 995 3536 Digna
1021 3455 1256 3539 enimluitvilla

335 3568 519 3636 ustus-quae
529 3556 648 3618 meliora
659 3556 757 3618 rubr:
775 3556 854 3634 quod
869 3555 958 3617 voluit
969 3555 1085 3618 effecit
1154 3609 1156 3614 .
1254 3589 1258 3603 ι
