3609 4359
360 458 402 517 40
559 452 837 503 ls’srlrt'rlon'ls
857 453 1071 504 ORATORIAE
1181 449 1227 517 [V.
1243 467 1283 505 ιο.
1359 361 1370 591 j

360 630 470 688 porum,
484 611 618 686 locorum,
634 612 780 684 dictorum,
795 611 935 671 iacturum
951 611 1110 671 diversitate
1129 611 1212 672 facile
1233 613 1284 672 de·
1368 655 1369 660 ι

360 709 464 769 litescet
477 711 629 782 infirmitas,
639 721 682 772 tot
695 730 726 772 se
739 710 865 786 undique
879 711 973 782 rebus,
988 730 1025 770 ex
1040 711 1143 787 quibus
1157 711 1284 790 aliquam
1367 696 1370 758 i

316 809 560 884 nadprehendas,
587 810 776 868 offerentibus.
816 807 890 866 lllud
918 809 1028 868 virtutis
1059 809 1193 868 indicium
1230 821 1283 880 est,
1341 807 1364 882 ,¹

359 906 473 966 sundere
487 927 558 985 quae
573 919 671 966 natura
687 917 832 966 contracta
846 916 921 975 sunt,
935 925 1042 981 augere
1056 926 1152 983 parva,
1167 908 1283 966 varieta-
1358 914 1361 920 '

359 1011 415 1063 tem
435 1007 576 1077 similibus,
597 1005 769 1082 voluptatem
793 1004 928 1080 expositis
949 1005 1017 1064 dare
1042 1015 1071 1064 et
1094 1006 1283 1066 benedicere

357 1103 446 1162 multa
463 1105 499 1162 de
518 1105 623 1181 paucis.

395 1201 431 1260 In
444 1202 499 1260 hoc
512 1202 616 1278 optime
633 1201 735 1260 sacient
751 1201 876 1260 infinitae
890 1202 1083 1278 quaestiones,
1098 1219 1170 1279 quas
1186 1201 1283 1262 vocari
1306 1255 1312 1268 .
1367 1189 1369 1212 ⁵

356 1301 448 1362 theses
467 1303 593 1374 diximus,
606 1304 708 1379 quibus
722 1299 848 1361 Cicero
841 1321 898 1360 ram
919 1303 1051 1380 princeps
1068 1302 1098 1361 in
1115 1321 1145 1362 re
1167 1303 1362 1380 publica

308 1399 477 1458 Bexeroeri
503 1399 617 1458 solebat.
658 1399 713 1457 His
734 1399 853 1458 confinis
877 1407 920 1458 est
945 1399 1101 1458 destructio
1124 1407 1154 1457 et
1177 1399 1283 1458 confir·

356 1497 444 1554 matio
469 1497 677 1556 sententiamm.
715 1494 791 1554 Nam
817 1515 883 1555 cum
908 1497 944 1554 sit
968 1496 1109 1555 sententia
1136 1495 1282 1555 decretum

356 1593 499 1671 quoddam
519 1608 602 1670 atque
623 1605 811 1668 praeceptum,
826 1592 905 1670 quod
924 1592 960 1652 de
977 1612 1015 1661 re,
1031 1592 1108 1651 idem
1122 1592 1158 1652 de
1175 1593 1282 1652 iudicio

357 1691 397 1750 rei
422 1691 515 1766 quaeri
542 1700 642 1766 potest
695 1689 773 1747 Tum
800 1691 855 1750 loci
883 1710 1063 1764 communes,
1093 1708 1168 1769 quos
1195 1692 1282 1751 etiarn

357 1789 474 1863 scriptos
500 1789 537 1844 ab
567 1787 723 1845 oratoribus
753 1788 866 1848 scimus.
907 1787 985 1847 Nam
1013 1789 1063 1867 qui
1097 1787 1170 1848 haec
1205 1800 1282 1849 recta

356 1895 463 1944 mutum
481 1896 510 1944 et
529 1886 557 1943 in
577 1883 670 1943 nullos
690 1885 779 1944 flexus
799 1885 960 1945 recedentia
976 1889 1092 1963 copiose
1113 1889 1281 1959 tractaverit,

355 1984 451 2060 utique
465 1985 492 2041 in
506 1983 558 2042 illis
574 1983 665 2060 plures
680 2001 814 2042 excursus
827 1984 1029 2060 recipientibus
1043 1986 1137 2062 magis
1150 1984 1281 2046 abunda-

356 2080 397 2139 bit
412 2083 516 2159 eritque
534 2083 563 2140 ιιι
579 2099 681 2140 omnes
693 2099 793 2140 musas
806 2091 936 2157 paratus;
958 2101 1059 2141 omnes
1080 2085 1157 2142 enim
1178 2102 1281 2158 gener-

306 2181 344 2236 la
357 2177 445 2237 alibus
458 2180 669 2255 quaestionibus
689 2189 828 2238 constant
868 2177 947 2238 Nam
967 2179 1036 2256 quid
1057 2180 1174 2239 interest
1188 2179 1281 2240 ‘Cor-

356 2275 445 2334 nelius
465 2279 590 2336 tribunus
611 2277 711 2355 plebis,
725 2276 803 2354 quod
822 2276 953 2337 codicem
972 2276 1081 2352 legerit,
1096 2295 1161 2337 reus
1175 2277 1229 2348 sit,'
1242 2297 1281 2338 an

354 2392 522 2451 quaeramus
533 2375 697 2434 ‘violeturne
708 2375 848 2443 maiestas,
860 2375 884 2432 si
898 2376 1081 2451 magistratus
1096 2375 1280 2451 rogationem

354 2490 434 2530 suam
447 2473 573 2549 populo
566 2491 627 2550 ipse
641 2472 791 2532 recitarit’:
818 2470 911 2530 ‘Milo
925 2471 1061 2531 Clodium
1074 2483 1189 2532 rectene
1202 2475 1281 2534 occi·
1365 2387 1370 2542 i

354 2569 441 2629 derit'
465 2572 557 2629 veniat
582 2572 612 2628 in
638 2569 780 2639 iudicium,
807 2587 845 2628 au
871 2574 1056 2646 oporteatne
1085 2569 1279 2631 insidiatorem
1367 2545 1370 2614 ¹

354 2667 470 2727 interfici
482 2668 526 2726 vel
544 2669 733 2746 perniciosum
749 2667 788 2726 rei
807 2666 936 2744 publicae
952 2669 1052 2738 civem,
1065 2667 1154 2727 etiam
1174 2669 1198 2728 si
1217 2687 1279 2728 non
1367 2619 1371 2734 i

355 2763 526 2825 insidietur'·
553 2765 643 2825 ‘Cato
670 2763 809 2824 Marciam
835 2764 992 2824 honestene
1016 2763 1165 2825 tradiderit
1188 2765 1278 2828 Hom·-

355 2863 451 2935 casio:
460 2883 498 2922 an
508 2864 707 2924 ‘conveniatne
725 2882 770 2923 res
783 2863 845 2923 talis
864 2864 945 2922 bono
958 2861 1054 2924 viroi'
1079 2863 1126 2924 De
1146 2865 1278 2943 personis

305 2969 345 3023 14
355 2963 497 3034 iudicatur,
512 2961 562 3021 sed
575 2961 610 3021 de
624 2963 708 3022 rebus
725 2960 913 3023 contenditur.
955 2961 1186 3022 Declamationes
1200 2981 1277 3036 vero,

355 3061 471 3139 quales
463 3079 493 3119 m
506 3059 606 3120 scholis
620 3059 762 3118 rhetorum
775 3059 915 3130 dicuntur,
930 3060 954 3118 si
972 3059 1061 3120 modo
1074 3070 1141 3120 sunt
1154 3061 1193 3121 ad
1206 3063 1277 3121 veri·

354 3170 440 3219 tatem
460 3157 688 3218 accommodatae
706 3167 736 3216 et
754 3158 929 3216 orationibus
949 3157 1063 3228 similes,
1082 3176 1142 3218 non
1164 3167 1277 3218 tantum
1342 3105 1374 3330 j

353 3256 423 3315 dum
436 3256 568 3315 adulescit
581 3255 722 3332 proiectus
735 3265 800 3314 sunt
813 3255 985 3328 utilissimae,
1000 3256 1068 3333 quia
1081 3256 1277 3315 inventionem

353 3366 382 3414 et
393 3354 603 3432 dispositionem
616 3353 718 3431 pariter
729 3365 868 3422 exercent,
883 3353 934 3412 sed
954 3354 1041 3413 etiarn
1059 3371 1127 3413 cum
1145 3362 1188 3412 est
1206 3331 1373 3462 eon-1¹¹

355 3466 508 3512 summams
533 3469 567 3512 ac
592 3452 650 3510 iam
674 3450 706 3509 in
731 3450 794 3510 soro
821 3451 930 3521 clarus3
965 3451 1049 3511 alitur
1078 3450 1157 3510 enim
1188 3462 1276 3530 atque

247 3599 252 3608 .
355 3550 480 3610 enitescit
498 3550 571 3608 velut
592 3549 699 3626 pabulo
720 3549 835 3608 laetiore
856 3548 990 3607 facundia
1013 3559 1042 3609 et
1063 3547 1185 3607 adsidua
1203 3567 1277 3608 con·
1368 3471 1371 3646 i

306 3647 511 3706 lotentionum
525 3646 671 3723 asperitate
687 3644 802 3722 fatigata
819 3655 978 3706 renovatur.
1019 3644 1281 3748 Quapropterhis·
1347 3681 1372 3822 q

1369 3823 1371 3852 l
