3609 4359
437 401 472 451 ιι.
488 393 543 462 ψ]
749 395 864 446 usar
885 395 1068 446 DECIMUS.
1338 402 1379 470 29

435 558 566 617 oratione
592 565 694 634 poetas
726 555 812 616 nobis
844 565 874 617 et
905 553 1064 625 historicos,
1091 555 1122 614 in
1154 555 1207 615 illis
1241 557 1379 634 operibus

434 665 563 715 oratores
575 666 625 714 aut
639 653 846 714 declamatores
854 653 1011 712 imitandos
1019 663 1161 729 putemus.
1204 652 1263 712 Sua
1273 655 1378 732 cuique
1391 651 1434 706 ²²

434 754 588 830 proposito
600 753 656 825 lex,
670 769 739 812 suus
751 753 840 812 decor
853 761 917 812 est:
939 769 995 810 nec
1015 750 1165 810 comoedia
1175 750 1206 809 in
1220 750 1381 811 cothurnos

434 851 572 926 adsurgit,
596 869 651 909 nec
671 860 774 910 contra
794 849 945 926 tragoedia
967 865 1053 908 socco
1076 847 1238 924 ingreditur.
1281 848 1381 908 Habet

434 959 533 1008 tamen
553 949 649 1007 omnis
670 949 838 1026 eloquentia
855 945 965 1024 aliquid
983 963 1158 1008 commune:
1182 945 1213 1004 id
1234 945 1381 1006 imitemur

434 1046 682 1123 quodcommune
695 1059 749 1106 est.

474 1144 571 1204 Etiam
598 1145 655 1206 hoc
677 1146 751 1206 solet
774 1145 951 1208 incommodi
975 1145 1106 1206 accidere
1132 1144 1167 1204 iis
1191 1145 1242 1221 qui
1269 1161 1302 1204 se
1329 1144 1382 1204 uni
1394 1148 1436 1202 28

433 1242 517 1304 alicui
530 1244 629 1321 generi
642 1243 823 1318 dedidemnt,
837 1256 878 1317 ut,
891 1245 916 1304 si
930 1244 1116 1322 asperitasiis
1130 1243 1238 1321 placuit
1251 1241 1382 1313 alicuius,
1467 1268 1471 1276 s

434 1340 510 1401 hanc
536 1342 625 1402 etiarn
650 1342 681 1401 in
708 1341 768 1402 leni
793 1360 830 1403 ae
856 1343 979 1403 remisso
1006 1359 1159 1401 causarum
1186 1358 1292 1418 genere
1320 1356 1383 1400 non

432 1450 559 1513 exuant3
583 1442 608 1500 si
626 1441 750 1499 tenuitas
767 1451 816 1500 aut
828 1439 999 1512 iucunditas,
1014 1440 1044 1498 in
1065 1439 1174 1518 asperis
1188 1438 1383 1516 gravibusque

433 1537 530 1598 causis
543 1537 666 1614 ponderi
679 1555 775 1597 rerum
788 1555 892 1614 parum
907 1537 1118 1614 respondeant:
1138 1555 1206 1597 cum
1219 1537 1255 1596 sit
1269 1536 1383 1596 diversa

432 1653 495 1694 non
514 1653 668 1696 causamm
688 1634 779 1694 modo
792 1637 867 1694 inter
887 1634 966 1711 ipsas
984 1635 1126 1708 condicio,
1140 1635 1192 1694 sed
1212 1635 1243 1694 in
1261 1633 1383 1712 singulis

400 1743 404 1762 ¹
432 1733 522 1793 etiarn
538 1733 634 1792 causis
654 1733 787 1810 partium,
808 1733 923 1810 sintque
936 1731 993 1791 alia
1012 1733 1112 1792 leniter
1127 1733 1183 1792 alia
1200 1751 1310 1810 aspere,
1325 1732 1385 1792 alia
1443 1774 1446 1788 .

432 1831 576 1890 concitate
602 1830 660 1890 alia
686 1830 814 1901 remisse,
833 1829 889 1888 alia
910 1830 1034 1889 docendi
1056 1830 1112 1888 alia
1132 1830 1267 1891 movendi
1288 1830 1383 1908 gram

433 1929 575 2001 dicenda3
604 1946 731 2005 quorum
750 1929 882 1987 omnium
902 1927 1048 1986 dissimilis
1065 1940 1152 2005 atque
1172 1928 1285 1988 diversa
1308 1929 1382 1987 inter

433 2045 465 2086 se
490 2029 565 2086 ratio
590 2039 642 2086 est.
683 2025 787 2104 ltaque
810 2044 850 2085 ne
876 2026 933 2086 hoc
957 2025 1075 2102 quidem
1100 2026 1249 2098 suaserim,
1273 2026 1324 2086 nni
1349 2033 1439 2088 se24

433 2125 518 2185 alicui
532 2126 656 2202 proprie,
666 2142 755 2203 quem
767 2142 819 2201 per
830 2124 930 2184 omnia
944 2135 1089 2201 sequatur,
1098 2123 1240 2183 addicere.
1275 2121 1382 2202 Longe

433 2223 659 2301 perfectissimus
686 2221 865 2284 Graecorum
898 2219 1119 2292 Demosthenes,
1147 2219 1255 2298 aliquid
1282 2231 1382 2282 tamen

432 2322 529 2400 aliquo
555 2322 585 2380 in
612 2321 680 2382 loco
707 2321 810 2380 melius
831 2320 896 2393 alii,
911 2318 1036 2397 plurima
1062 2319 1116 2378 ille.
1159 2318 1219 2378 Sed
1246 2339 1306 2380 non
1329 2321 1380 2399 qui

432 2421 558 2480 maxime
579 2419 743 2489 imitandus,
766 2429 795 2478 et
817 2417 897 2478 solus
918 2417 1073 2476 imitandus
1094 2428 1146 2477 est.
1188 2416 1268 2490 Quid
1287 2421 1380 2496 ergo?
1393 2423 1436 2478 25

432 2535 492 2577 non
506 2527 551 2576 est
564 2518 634 2577 satis
647 2517 747 2577 omnia
760 2516 801 2576 sie
814 2514 912 2575 dicere
925 2531 986 2592 quo
999 2515 1088 2574 modo
1102 2513 1146 2574 M.
1159 2515 1274 2575 Tullius
1287 2515 1380 2576 dixit?
1398 2537 1400 2542 ·

433 2616 508 2676 Mihi
523 2616 643 2695 quidem
657 2617 727 2675 saris
740 2625 826 2688 esset,
844 2616 870 2675 si
886 2613 987 2674 omnia
1000 2614 1138 2692 consequi
1154 2631 1289 2691 possem:
1310 2616 1382 2692 quid

432 2725 531 2774 tamen
544 2727 662 2775 noceret
675 2715 733 2771 iim
746 2713 889 2788 Caesaris,
903 2713 1093 2790 asperitatem
1101 2711 1188 2784 Caeli,
1202 2712 1381 2790 diligentiam

432 2811 579 2884 Pollionis,
602 2811 741 2871 iudicium
765 2811 847 2870 Calvi
868 2810 1044 2888 quibusdam
1067 2811 1098 2869 in
1117 2810 1188 2871 locis
1208 2811 1381 2873 adsumere?

431 2909 513 2970 Nam
539 2921 653 2989 praeter
677 2910 709 2969 id
734 2909 816 2988 quod
846 2908 995 2988 pmdentis
1020 2920 1064 2969 est
1091 2909 1171 2987 quod
1197 2909 1229 2970 in
1263 2917 1435 2988 quoquesse

431 3009 575 3085 optimum
601 3017 656 3081 est,
680 3007 705 3066 si
728 3008 827 3085 possit,
857 3025 943 3067 suum
964 3005 1067 3079 iacere,
1094 3018 1156 3066 tum
1176 3007 1208 3066 in
1231 3018 1313 3068 tanm
1338 3009 1381 3070 rei

416 3106 597 3168 idifficultate
626 3121 718 3164 unum
751 3106 897 3164 intuentes
929 3104 977 3164 vix
1009 3105 1105 3182 aliqua
1137 3121 1205 3183 pars
1241 3107 1406 3183 aequitum

430 3202 562 3282 Ideoque
583 3221 654 3264 cum
677 3214 772 3262 totum
793 3203 955 3280 exprimere
976 3221 1063 3280 quern
1088 3202 1207 3280 elegeris
1231 3221 1325 3281 paene
1345 3204 1382 3266 sit

430 3300 543 3364 homini
556 3303 770 3373 inconcessum,
782 3299 907 3378 plurium
927 3299 1006 3360 bona
1023 3293 1168 3378 ponamus
1185 3311 1253 3361 ante
1266 3301 1379 3376 oculos,

430 3411 464 3461 nt
481 3399 560 3460 aiud
576 3417 617 3460 ex
634 3398 692 3459 alio
710 3397 837 3472 haereat,
858 3409 887 3459 et
910 3415 971 3479 quo
991 3398 1118 3478 quidque
1138 3399 1204 3460 loco
1224 3401 1378 3460 conveniat

386 3556 390 3606 ἒ
429 3508 598 3659 am
624 3607 721 3659 autern
748 3594 831 3678 (nam
858 3597 976 3676 saepius
1007 3597 1084 3658 idem
1112 3595 1233 3678 dicam),
1249 3615 1310 3658 non
1339 3598 1377 3660 sit
1387 3555 1430 3655 ul
1458 3555 1461 3563 Ι
