3609 4359
490 370 547 419 vu.
560 365 595 428 8.]
800 367 914 416 LIBER
936 367 1116 418 DECIMUS.
1384 372 1427 440 45

490 526 558 584 fiet?
588 521 665 582 Nam
685 539 776 599 saepe
795 541 830 581 ea
848 539 925 598 quae
944 523 1051 600 opinati
1072 540 1173 582 sumus
1191 534 1220 584 et
1238 535 1338 586 contra
1352 544 1429 604 quae

489 622 653 698 scripsimus
666 620 777 693 lallunt,
791 640 825 680 ac
840 631 900 679 tota
914 623 1010 680 subito
1024 639 1112 680 causa
1131 632 1273 693 mutatur;
1294 635 1380 702 atque
1395 634 1428 684 ut

488 719 670 798 gubernatori
698 719 734 776 ad
769 719 902 778 incursus
930 720 1151 795 tempestatium,
1187 720 1227 779 sic
1260 722 1356 796 agenti
1389 722 1428 780 ad

489 819 652 877 varietatem
680 835 831 876 causarum
867 819 939 878 ratio
967 818 1105 876 mutanda
1133 830 1185 876 est.
1226 816 1305 890 Quid
1339 826 1462 894 porr04

488 916 594 974 multus
615 914 697 973 stilus
716 925 746 974 et
767 915 888 975 adsidua
909 916 994 976 lectio
1016 927 1045 974 et
1064 916 1151 991 longa
1171 916 1328 976 studiorum
1351 929 1428 976 aetas

489 1015 565 1086 facit,
584 1014 608 1072 si
629 1026 726 1073 manet
745 1015 848 1073 cadem
868 1033 942 1092 quae
963 1014 1015 1072 luit
1037 1014 1239 1090 incipientibus
1259 1014 1428 1074 difficultas?

490 1112 601 1172 Perisse
614 1109 743 1190 prolecto
757 1111 955 1172 confitendum
969 1125 1013 1172 est
1033 1113 1218 1190 praeteritum
1233 1112 1371 1184 laborem,
1381 1114 1429 1174 cui

489 1229 603 1290 semper
619 1210 698 1271 idem
716 1212 907 1272 laborandum
921 1223 972 1271 est.
1014 1211 1118 1288 Neque
1133 1229 1190 1290 ego
1204 1211 1261 1272 hoc
1275 1230 1332 1288 ago
1347 1222 1379 1270 ut
1392 1231 1430 1274 ex

488 1321 618 1387 tempore
638 1311 734 1370 dicere
753 1311 842 1381 malit,
863 1311 916 1370 sed
937 1322 968 1369 ut
988 1309 1086 1388 possit
1127 1307 1164 1368 Id
1183 1318 1281 1370 autem
1301 1309 1430 1370 maxime

487 1408 547 1468 hoc
560 1408 649 1468 modo
661 1427 883 1486 consequemur.

530 1505 609 1567 Nota
622 1507 658 1566 sit
671 1508 797 1583 primum
811 1505 927 1566 dicendi
944 1507 1004 1579 via;
1025 1508 1210 1585 nequeenim
1224 1508 1302 1586 prius
1316 1507 1464 1570 contin-b

489 1623 556 1682 gere
568 1623 668 1664 cursus
686 1614 782 1681 potest
795 1621 885 1681 quam
903 1605 1052 1664 scierimus
1065 1623 1125 1682 quo
1138 1607 1215 1664 siret
1228 1624 1286 1683 qua
1299 1607 1430 1682 perveni·

489 1703 606 1762 endum.
646 1701 709 1761 Nec
729 1703 797 1761 satis
817 1712 861 1760 est
879 1720 939 1761 non
959 1703 1092 1780 ignorare
1112 1722 1186 1781 quae
1205 1705 1261 1764 sint
1278 1723 1431 1764 causarum

490 1798 662 1859 iudicialium
676 1810 780 1875 partes,
795 1809 843 1856 aut
858 1799 1060 1874 quaestionum
1075 1800 1206 1858 ordinem
1222 1813 1297 1860 recte
1310 1801 1431 1879 dispon-

489 1916 547 1969 ere,
568 1913 745 1974 quamquam
771 1895 826 1954 ista
854 1906 921 1954 suut
948 1895 1112 1972 praecipua,
1137 1896 1188 1954 sed
1216 1898 1285 1975 quid
1313 1917 1431 1976 quoque

489 1997 555 2056 loco
576 1996 699 2072 primurn
724 1994 770 2066 sit,
792 1993 863 2071 quid
883 1994 1040 2052 secundum
1061 2011 1096 2053 ac
1117 1993 1270 2072 deinceps:
1295 2014 1369 2073 quae
1389 1999 1430 2056 ita

489 2104 556 2154 sunt
580 2104 680 2152 natura
702 2091 838 2169 copulata
858 2103 890 2151 ut
912 2092 1016 2150 mutari
1039 2103 1089 2150 aut
1112 2091 1249 2151 intervelli
1272 2094 1335 2154 sine
1356 2113 1428 2154 con-

489 2192 601 2250 fusione
622 2208 682 2250 non
703 2189 822 2266 possint.
863 2187 1005 2266 Quisquis
1025 2199 1123 2248 autem
1144 2189 1189 2249 via
1210 2191 1291 2262 dicet,
1309 2190 1461 2257 duceture

489 2299 556 2349 ante
577 2289 676 2348 omnia
700 2305 796 2346 rerum
819 2288 882 2363 ipsa
903 2288 976 2345 serie
1002 2286 1079 2345 velut
1103 2286 1187 2358 duce,
1208 2299 1324 2367 propter
1347 2291 1429 2370 quod

488 2389 622 2448 homines
634 2388 721 2446 etiam
735 2385 848 2444 modice
861 2383 1009 2444 exercitati
1023 2383 1157 2445 facillime
1172 2396 1301 2445 tenorem
1318 2388 1349 2445 in
1363 2407 1431 2448 nar·

489 2486 645 2546 moenibus
666 2494 790 2543 servant
831 2481 947 2542 Deinde
971 2482 1041 2560 quid
1064 2500 1182 2560 quoque
1206 2484 1271 2545 loco
1290 2495 1432 2562 quaerant

489 2585 589 2654 scient,
602 2601 656 2642 nec
676 2582 960 2657 circumspectabunt
980 2599 1035 2640 nec
1055 2581 1243 2642 offerentibus
1263 2601 1295 2643 se
1315 2585 1430 2644 aliunde

489 2683 621 2743 sensibus
633 2681 822 2738 turbabuntur
836 2697 890 2737 nec
900 2677 1080 2740 confundent
1089 2696 1126 2738 ex
1138 2679 1254 2740 diversis
1267 2683 1430 2742 orationem

489 2781 566 2840 velut
579 2778 711 2838 salientes
724 2776 780 2834 huc
793 2775 860 2835 illuc
873 2793 928 2834 nec
942 2791 1065 2852 usquam
1078 2773 1249 2837 insistentes
1277 2777 1429 2837 Postremo
1442 2789 1463 2846 ’1

489 2879 637 2938 habebunt
649 2875 770 2934 modurn
780 2884 810 2933 et
822 2873 920 2944 finem,
929 2873 980 2950 qui
994 2891 1058 2933 csse
1072 2873 1143 2932 citra
1153 2874 1323 2934 divisionem
1334 2875 1430 2934 nullus

489 2985 592 3056 potest
620 2972 751 3051 Expletis
763 2989 817 3050 pro
831 2971 966 3031 facultate
981 2972 1117 3032 omnibus
1132 2989 1206 3050 quae
1219 2973 1431 3051 proposuerint,

488 3072 650 3154 pervenisse
664 3089 695 3130 se
707 3068 746 3129 ad
759 3069 892 3128 ultimum
908 3068 1043 3128 sentient.

528 3173 568 3232 Et
584 3170 656 3230 haec
669 3167 786 3247 quidem
799 3187 836 3228 ex
850 3176 921 3238 arte,
935 3166 983 3225 illa
996 3185 1065 3226 vero
1079 3185 1116 3227 ex
1133 3168 1247 3228 studio:
1268 3180 1301 3228 ut
1315 3170 1432 3247 copiam

489 3270 630 3332 sermonis
650 3266 761 3345 optimi,
774 3283 863 3343 quern
880 3265 919 3324 ad
940 3265 1061 3324 modum
1079 3277 1267 3343 praeceptum
1282 3278 1334 3340 est,
1349 3286 1431 3329 com·

488 3383 633 3449 paremus,
645 3365 737 3424 multo
751 3382 787 3424 ac
800 3363 878 3424 fideli
895 3362 959 3422 stilo
973 3363 1014 3422 sic
1027 3360 1166 3423 formetur
1179 3364 1272 3425 oratio
1285 3375 1317 3424 ut
1330 3366 1431 3443 seript-

488 3483 573 3528 orum
592 3464 721 3525 colorem
740 3462 827 3522 etiam
847 3479 922 3539 quae
943 3460 1039 3520 subito
1060 3461 1152 3520 eflusa
1172 3462 1230 3521 sint
1249 3463 1378 3534 reddant,
1399 3474 1431 3524 ut

488 3583 559 3626 curu
571 3562 662 3624 multa
674 3561 872 3639 scripserimus
884 3559 973 3620 etiam
987 3558 1077 3618 multa
1091 3558 1230 3619 dicanms
1272 3559 1350 3620 Nam
1359 3579 1429 3648 con·
1442 3568 1466 3622 8
