3609 4359
488 453 536 498 ιιι.
547 444 604 511 300]
802 448 918 498 arnan
939 449 1120 500 bacmos
1384 451 1426 524 35

486 607 626 684 spicieodi
644 606 761 666 libertas
779 606 818 664 ad
838 625 870 665 se
890 605 1013 677 trahunt,
1028 617 1059 667 ut
1080 607 1149 666 mihi
1169 609 1309 668 remittere
1329 611 1427 686 potius

486 705 619 782 voluptas
656 706 711 764 ista
747 705 876 764 uideatur
912 706 1116 781 cogitationem
1154 723 1241 784 quam
1270 708 1426 770 intendere.

486 803 702 862 Demosthenes
725 803 836 875 melius,
849 804 900 880 qui
921 821 952 862 se
972 805 1002 861 in
1023 803 1121 862 locum
1139 822 1176 862 ex
1196 821 1256 880 quo
1276 805 1355 863 nulla
1374 824 1425 865 ex·
1438 819 1481 874 25

485 901 577 960 audiri
590 920 647 961 vor
662 912 692 962 et
707 920 745 960 ex
764 920 825 978 quo
842 903 912 960 nihil
932 902 1056 979 prospici
1076 913 1174 978 posset
1190 903 1374 973 recondebat,
1389 923 1427 964 ne

484 999 562 1058 aliud
575 1019 661 1077 agere
674 1013 802 1059 mentem
820 1011 956 1078 cogerent
973 1001 1058 1059 oculi.
1100 1000 1227 1078 Ideoque
1244 1000 1428 1061 lucubrantes

484 1099 630 1158 silentium
649 1101 747 1159 noctis
765 1111 795 1158 et
816 1101 947 1159 clausum
972 1099 1138 1158 cubiculum
1161 1109 1190 1157 et
1214 1098 1312 1157 lumen
1335 1117 1427 1158 unum

437 1204 442 1210 '
483 1197 561 1256 velut
572 1209 666 1258 rectos
680 1199 807 1258 maxime
821 1209 926 1257 teneat
969 1197 1028 1256 Sed
1042 1216 1109 1257 cum
1124 1197 1154 1256 in
1168 1198 1249 1256 omni
1266 1197 1426 1256 studiorum
1438 1201 1482 1254 28

484 1315 600 1374 genere,
612 1308 673 1357 tum
688 1298 718 1356 in
731 1297 787 1358 boc
801 1299 956 1375 praecipue
970 1298 1050 1355 bona
1062 1296 1204 1367 valetudo,
1216 1314 1348 1372 quaeque
1360 1314 1427 1356 eam

553 1395 561 1409 '
592 1413 610 1454 e
629 1405 763 1474 praestat,
783 1395 930 1484 Q
950 1395 1111 1454 necessaria
1131 1405 1183 1467 est,
1205 1411 1273 1454 cum
1295 1405 1428 1471 tempora
1448 1367 1591 1508 m

397 1416 451 1603 β
482 1497 522 1554 ab
540 1495 605 1572 ipsa
623 1513 721 1555 rerum
741 1503 845 1554 natura
863 1493 903 1551 ad
927 1494 1053 1570 quietem
1077 1492 1317 1571 refectionemque
1340 1495 1428 1554 nobis

481 1593 552 1652 data
563 1594 595 1652 in
607 1592 778 1652 acerrimum
791 1591 922 1650 laborem
935 1577 1137 1651 convertimus.
1178 1591 1232 1652 Cui
1247 1603 1344 1650 tamen
1364 1610 1426 1652 non

483 1691 549 1768 plus
568 1689 764 1767 inrogandum
783 1699 827 1747 est
847 1705 937 1765 quam
957 1689 1038 1764 quod
1058 1707 1162 1748 somno
1182 1691 1326 1766 supererit,
1346 1689 1427 1750 haud

483 1788 590 1859 deerit3
610 1790 708 1847 obstat
727 1786 807 1845 enim
827 1787 993 1862 diligentiae
1016 1787 1159 1846 scribendi
1180 1789 1266 1847 etiam
1288 1787 1428 1866 fatigatio,
1439 1793 1484 1849 8¹1

482 1895 515 1945 et·
531 1885 657 1957 abunde,
673 1885 699 1944 si
719 1895 809 1954 vacet,
829 1884 901 1944 lucis
922 1886 1014 1961 spatia
1035 1883 1198 1958 sufficiunt3
1218 1897 1376 1963 occupatos
1397 1888 1429 1946 in

482 1993 601 2043 noctem
622 1982 779 2042 necessus
798 1982 865 2058 agit
907 1981 962 2040 Est
983 1994 1080 2040 tamen
1104 1983 1272 2058 lucubratio,
1290 1985 1427 2062 quotiens

396 2070 399 2077 ’
482 2082 521 2140 ad
551 2099 620 2141 eam
653 2080 757 2157 integri
783 2098 819 2139 ac
852 2079 950 2140 relecti
983 2082 1122 2154 venimus,
1152 2082 1295 2159 optimum
1322 2083 1426 2142 secreti

482 2198 586 2258 genus.

524 2277 584 2337 Sed
603 2277 750 2337 silentium
770 2286 799 2335 et
819 2293 951 2336 secessus
971 2288 1000 2336 et
1021 2278 1148 2356 undique
1169 2277 1241 2338 liber
1258 2279 1373 2339 animus
1394 2285 1481 2343 ut28

481 2388 550 2437 sunt
561 2377 690 2436 maxime
702 2374 841 2452 optanda,
852 2376 893 2434 ita
907 2393 967 2434 non
982 2395 1095 2454 semper
1106 2388 1225 2454 possunt
1238 2382 1425 2456 contingere3

481 2476 606 2552 ideoque
625 2493 686 2533 non
706 2475 812 2544 stauru,
832 2475 857 2532 si
878 2475 948 2552 quid
969 2477 1125 2552 obstrepet,
1147 2475 1289 2536 abiciendi
1310 2478 1426 2538 codices

480 2585 565 2632 erunt
581 2582 612 2632 et
630 2571 829 2649 deplorandus
847 2573 919 2645 dies,
935 2591 1034 2631 verum
1053 2573 1245 2634 incommodis
1261 2592 1427 2652 repugnan-

480 2671 552 2731 dum
576 2671 676 2729 ethic
703 2669 854 2729 faciendus
877 2689 958 2741 usus,
981 2683 1014 2730 ut
1040 2672 1140 2732 omnia
1166 2691 1240 2750 quae
1268 2673 1426 2750 impedient

480 2771 577 2828 vincat
596 2769 606 2826 i
676 2768 742 2827 tion
758 2786 847 2845 quam
868 2769 892 2827 si
913 2773 1092 2829 tota'mente
1112 2772 1141 2828 in
1162 2789 1236 2849 opus
1256 2771 1353 2849 ipsum
1372 2771 1425 2830 de-

449 2867 460 2888 ·
532 2867 597 2936 eris,
633 2885 642 2924 ι
701 2882 804 2924 eorum
820 2884 896 2944 quae
917 2868 1010 2926 oculis
1026 2869 1070 2928 vel
1089 2870 1205 2929 auribus
1224 2870 1369 2929 incursant
1385 2870 1424 2929 ad

480 2966 612 3025 animum
624 2965 779 3041 perveniet
821 2965 869 3023 Αἰι
883 2982 953 3023 vero
967 2965 1130 3042 frequenter
1142 2968 1229 3025 etiam
1236 2967 1353 3027 fortuita
1366 2965 1423 3028 hoc
1434 2972 1479 3029 80

479 3064 617 3140 cogitatio
644 3073 779 3139 praestat,
809 3073 842 3122 ut
866 3063 969 3122 obvios
998 3082 1060 3123 non
1090 3064 1237 3125 videamus
1263 3075 1293 3125 et
1323 3067 1424 3126 itinere

479 3160 664 3220 deememua:
689 3177 752 3220 non
774 3179 987 3239 consequemur
1014 3163 1100 3235 idem,
1125 3165 1150 3222 si
1176 3177 1206 3224 et
1231 3164 1425 3226 voluerimus?

388 3287 399 3307 ·
479 3256 552 3317 Non
570 3269 617 3318 est
635 3257 846 3337 indulgendum
861 3259 956 3319 musis
975 3259 1111 3320 desidiae.
1152 3259 1231 3320 Nam
1251 3263 1356 3322 sinon
1369 3263 1426 3323 nisi

478 3354 586 3425 resecti,
613 3374 676 3415 non
703 3357 759 3415 nisi
785 3356 899 3429 hilares,
929 3375 991 3416 non
1018 3358 1074 3416 nisi
1101 3360 1235 3419 omnibus
1259 3359 1323 3418 aliis
1346 3360 1425 3418 curis

478 3463 616 3514 vacantes
636 3453 814 3514 studendum
838 3455 1070 3527 existimarimus,
1095 3463 1210 3535 semper
1232 3456 1286 3516 erit
1306 3465 1423 3533 propter

478 3551 561 3628 quod
583 3552 669 3633 nobis
693 3554 886 3629 ignoscamus
929 3552 1029 3626 Quare
1053 3555 1085 3612 in
1109 3555 1201 3625 turba,
1220 3552 1330 3627 itinere,
1350 3553 1479 3612 oon-uo

478 3650 560 3709 viriis
581 3650 671 3711 etiam
697 3650 784 3712 iaciat
811 3652 866 3710 sibi
892 3652 1029 3728 cogitatio
1056 3651 1119 3727 ipsa
1146 3661 1299 3713 secretum.
1340 3649 1422 3722 Quid

926 3769 977 3810 oa
