3609 4359
323 411 364 494 38
522 420 801 472 rrsrrrurrorurs
821 419 1037 471 oratorias
1160 415 1203 479 [v.
1218 433 1242 467 ι.

489 727 578 791 Quae
598 727 772 784 scribenda
792 725 859 782 aiut
878 725 1069 794 praecipua.

293 870 310 925 1
359 871 394 933 V.
415 871 575 932 Proximum
588 884 631 932 est
645 884 675 931 ut
688 873 815 932 dicamus
828 890 903 949 quae
920 872 1075 948 praecipue
1089 869 1241 930 scribenda

320 970 375 1028 sint
393 973 444 1040 ἔξω
461 973 631 1049 parantibus.
672 969 740 1029 Non
753 982 796 1029 est
810 969 892 1028 buius
908 970 1024 1046 quidem
1038 969 1132 1046 operis
1146 980 1177 1026 ut
1191 986 1241 1026 ex·

319 1068 452 1145 plicemus
465 1087 538 1146 quae
554 1071 610 1128 sint
629 1068 771 1138 materiae,
786 1085 860 1144 quae
876 1067 971 1144 prima
985 1077 1034 1126 aut
1050 1065 1178 1126 secunda
1191 1073 1241 1124 aut

316 1166 449 1242 deinceps
473 1167 618 1226 tractanda
639 1166 695 1223 sint
713 1164 794 1244 (nam
817 1163 847 1222 id
869 1164 976 1223 facturn
1003 1175 1046 1224 est
1066 1165 1125 1223 iarn
1144 1163 1240 1239 primo

316 1263 396 1336 libro,
419 1283 477 1340 quo
502 1282 663 1341 puerorum,
682 1272 711 1321 et
733 1262 867 1333 secundo,
891 1279 950 1339 quo
974 1261 1031 1321 iam
1055 1262 1240 1319 robustorum

315 1363 414 1422 studiis
433 1362 560 1421 ordinem
578 1359 731 1440 dedimus),
746 1361 805 1433 sed,
819 1360 856 1420 de
870 1378 931 1438 quo
949 1377 1028 1419 nunc
1046 1359 1148 1435 agitur,
1161 1357 1240 1417 unde

316 1460 398 1536 copia
410 1478 444 1517 ac
457 1459 572 1518 facilitas
585 1459 707 1518 maxime
721 1461 823 1520 veniat.

284 1555 469 1618 avertere
494 1554 637 1615 Graeoa'
630 1575 660 1615 tn
686 1555 821 1616 Latinum
847 1568 958 1618 veteres
988 1554 1079 1617 nostri
1110 1563 1240 1614 oratores

315 1655 452 1730 optimum
471 1653 639 1712 iudicabant
679 1653 714 1714 Id
733 1673 763 1714 se
782 1655 816 1714 1„
829 1655 979 1715 Crassus
971 1674 1001 1714 ιιι
1019 1655 1076 1714 illis
1090 1652 1239 1715 Ciceronis

314 1751 351 1810 de
369 1751 486 1812 Oratore
504 1751 578 1810 libris
597 1752 662 1811 dicit
679 1752 836 1825 factitasse;
856 1755 885 1814 id
901 1754 1005 1814 Cicero
1024 1771 1076 1813 sua
1093 1753 1155 1829 ipse
1173 1757 1240 1827 peri

314 1868 386 1910 sona
405 1850 625 1927 frequentissm
645 1853 787 1928 praecipit,
801 1853 871 1928 quin
891 1854 978 1911 etiarn
999 1853 1089 1912 libros
1110 1849 1238 1910 Platonis

314 1961 398 2024 atque
411 1946 607 2025 Xenophontis
618 1948 706 2008 edidit
724 1949 779 2009 hoc
795 1968 900 2026 genere
916 1950 1090 2023 translatos3
1111 1948 1142 2008 id
1156 1946 1238 2006 Mes·

314 2047 398 2106 saliae
421 2046 531 2123 placuit,
552 2047 713 2122 multaeque
739 2057 806 2105 sunt
827 2048 865 2106 ab
879 2066 925 2107 eo
949 2050 1073 2125 scriptae
1098 2045 1237 2106 adhunc

315 2143 432 2202 modum
448 2145 596 2214 orationes,
610 2143 682 2203 adeo
697 2153 728 2202 ut
745 2144 831 2203 etiam
848 2163 917 2204 curn
934 2145 981 2204 iila
1002 2144 1163 2222 Hyperidis
1182 2160 1237 2220 pro

282 2241 425 2317 deryne
444 2241 604 2301 difficillima
624 2240 763 2301 Romanis
785 2243 934 2302 subtilitate
962 2242 1157 2302 contenderet.
1197 2240 1237 2300 Et

314 2337 459 2398 manifesta
471 2352 515 2398 est
526 2339 731 2399 exercitationis
744 2339 860 2400 huiusce
875 2341 954 2400 ratio.
996 2339 1075 2398 Nam
1093 2349 1123 2398 et
1141 2356 1237 2398 rerum

313 2437 395 2514 copia
406 2434 508 2496 Graeci
525 2448 651 2496 auctores
669 2437 815 2496 abundant
831 2447 861 2496 et
877 2439 1031 2515 plurimum
1050 2437 1118 2496 artis
1131 2437 1161 2495 in
1174 2437 1235 2497 elo·

313 2536 455 2613 quentiam
487 2536 645 2607 intulerunt,
672 2548 701 2593 et
732 2534 784 2595 hos
811 2535 1046 2596 transferentibus
1074 2535 1168 2595 verbis
1195 2535 1236 2594 uti

313 2633 427 2711 optimis
452 2631 532 2707 licet;
561 2635 693 2693 omnibus
720 2634 797 2692 enim
822 2635 929 2693 utimur
956 2633 1068 2693 nostris
1115 2632 1236 2710 Figurae

312 2748 379 2790 vero
379 2732 502 2809 ,quibus
520 2732 642 2791 maxime
659 2741 775 2790 ornatur
791 2731 891 2806 oratio,
907 2731 1012 2790 multas
1031 2750 1066 2790 ac
1080 2732 1172 2790 varias
1185 2750 1236 2791 ex·

312 2830 455 2906 cogitandi
467 2830 551 2889 ιιὶιιιι
565 2829 715 2889 necessitas
728 2829 869 2908 quaedam
882 2838 935 2902 est,
949 2831 1018 2909 quia
1031 2830 1203 2908 plerumque
1216 2847 1235 2890 a

312 2926 428 2988 Graecis
441 2927 573 2988 Romana
586 2929 759 2987 dissentiunt.

278 3027 304 3082 4
351 3025 407 3086 Sed
425 3038 453 3087 et
468 3026 516 3085 illa
532 3044 568 3085 ex
586 3023 693 3085 Latinis
708 3027 857 3087 conversio
873 3027 995 3086 multum
1009 3036 1038 3086 et
1054 3027 1117 3105 ipsa
1130 3033 1234 3086 contu·

312 3123 380 3183 ierit
419 3123 512 3183 Aede
521 3124 692 3184 carminibus
703 3123 819 3200 quidem
831 3124 979 3183 neminem
992 3124 1079 3186 credo
1092 3124 1234 3196 dubitare,

311 3238 369 3300 quo
387 3221 449 3282 soto
466 3239 569 3298 genere
585 3221 791 3281 exercitationis
803 3220 905 3281 dicitur
918 3239 988 3281 usus
1001 3239 1065 3282 esse
1079 3220 1234 3299 Sulpicius

312 3317 388 3378 Nam
407 3330 436 3379 et
457 3318 582 3378 sublimis
605 3319 719 3395 spiritus
738 3318 865 3378 attollere
886 3319 1048 3378 orationem
1073 3328 1176 3396 potest,
1204 3323 1235 3379 et¹

269 3438 274 3446 ·
311 3418 397 3476 rerba
409 3417 519 3495 poetica
534 3415 660 3476 libertate
677 3415 828 3476 audaciora
844 3432 906 3475 non
925 3425 1115 3494 praesumunt
1130 3415 1234 3476 eedem

311 3515 424 3592 proprie
435 3514 547 3574 dicendi
559 3513 736 3588 facultatem,
756 3513 808 3574 sed
825 3526 854 3574 et
873 3513 943 3592 ipsis
959 3516 1107 3574 sententiis
1119 3514 1234 3575 adicere

312 3612 380 3670 licet
398 3611 549 3670 oratum
565 3610 653 3670 robur
672 3622 701 3670 et
723 3611 829 3670 omissa
850 3611 984 3687 supplere
1003 3621 1033 3671 et
1053 3611 1145 3671 effusa
1168 3613 1234 3671 sub·

1347 355 1358 587 ³

1349 673 1358 807 ³

1329 847 1361 1332 ³

1307 1339 1368 2070 ¹

1168 2451 1361 3898 51
