3609 4359
488 393 508 439 t.
523 384 591 448 m]
800 387 915 436 uuas
937 386 1119 436 nacturus.
1388 393 1429 460 ¹9

526 543 710 623 Tragoedias
729 545 882 622 scriptores
899 553 1029 604 veterum
1046 545 1161 605 Arrius
1178 554 1265 622 atque
1281 539 1431 610 Pacuvius
1442 555 1486 612 st

486 645 634 703 clarissimi
648 645 783 721 gravitate
803 644 1021 716 sententiarum,
1037 644 1192 702 verborum
1206 643 1346 720 pondere,
1359 662 1429 706 auc·

486 745 599 802 toritate
617 760 816 819 personarum.
857 742 997 802 Ceterum
1016 742 1090 800 nitor
1108 754 1137 801 et
1153 759 1268 800 summa
1286 742 1316 800 in
1334 744 1430 803 excol-

486 841 569 900 endis
595 843 732 918 operibus
761 859 865 900 manus
894 841 989 917 magis
1016 839 1103 899 videri
1130 852 1225 917 potest
1252 843 1430 917 temporibus

486 957 574 1016 quam
594 939 665 1017 ipsis
684 939 827 1015 defuisse3
854 939 957 998 virium
979 948 1077 998 tamen
1098 938 1178 997 Attio
1200 937 1265 1016 plus
1287 939 1428 1013 tribuitur,

487 1038 642 1098 Pacuvium
656 1039 744 1098 videri
758 1039 918 1100 doctiorem
933 1037 984 1115 qui
997 1055 1061 1096 esse
1074 1036 1152 1097 docti
1165 1036 1312 1096 adfectant
1321 1036 1427 1097 volunt.

483 1136 551 1218 lam
563 1136 643 1198 Vnu
657 1137 802 1215 Thyestes
819 1137 935 1198 cuilibet
950 1137 1130 1196 Graecarum
1144 1135 1307 1212 comparari
1323 1143 1430 1212 potest
1441 1137 1486 1193 98

486 1234 576 1296 Ovmr
603 1236 712 1298 Medea
734 1237 846 1297 videtur
873 1235 943 1294 milri
970 1235 1123 1295 ostendere
1146 1244 1288 1312 quantum
1315 1233 1364 1292 ilie
1387 1233 1430 1293 vir

485 1347 629 1412 praestate
642 1336 768 1413 potuerit
781 1331 807 1394 'si
821 1334 940 1412 ingenio
953 1351 1008 1394 suo
1020 1334 1163 1410 imperare
1177 1351 1267 1410 quam
1280 1331 1430 1410 indulgere

485 1434 638 1494 maluisset.
678 1434 789 1493 Eonrm
810 1452 886 1510 quos
906 1432 1026 1492 viderim
1051 1433 1138 1510 longe
1159 1432 1293 1512 princeps
1314 1431 1430 1494 Porro-

484 1550 550 1594 ttrus
563 1533 725 1604 Sncuunus,
739 1550 828 1610 quem
842 1550 926 1592 senes
941 1532 1059 1610 quidem
1073 1549 1176 1609 parum
1190 1532 1332 1608 tragicum
1346 1543 1429 1610 puta·

387 1652 390 1657 ’
485 1630 563 1703 bant,
590 1630 749 1690 eruditione
777 1648 813 1689 ac
839 1631 932 1688 nitore
959 1640 1104 1708 praestare
1128 1631 1349 1690 confitebantur.
1392 1629 1428 1690 ln
1441 1635 1487 1690 09

483 1727 636 1788 comoedia
668 1727 796 1788 maxime
827 1726 1032 1786 claudicamus.
1073 1726 1156 1788 Licet
1188 1727 1283 1788 Varro
1316 1726 1429 1802 Musas,

484 1827 547 1886 Aeli
566 1826 684 1886 Stilonis
705 1825 854 1898 sententia,
874 1825 1010 1885 Plautino
1025 1825 1107 1885 ‚dicat
1127 1844 1262 1886 sermone
1283 1826 1429 1887 locuturas

483 1925 579 1997 luisse,
600 1924 625 1984 si
650 1922 754 1982 Latine
780 1923 859 2001 loqui
888 1923 1001 1995 vellent,
1029 1923 1096 1984 licet
1122 1924 1293 1986 Caussarum
1319 1934 1430 1986 veteres

484 2021 617 2081 laudibus
647 2019 749 2092 ierant,
784 2021 850 2080 licet
880 2021 1023 2082 Tmurr
1056 2022 1160 2099 scripta
1190 2022 1229 2081 ad
1262 2021 1430 2100 Scipionem

381 2132 385 2167 t
484 2118 655 2180 Africanum
679 2119 839 2178 reserantur
860 2115 949 2197 (quae
972 2129 1071 2180 tamen
1094 2130 1161 2180 sunt
1185 2119 1299 2180 invhoc
1321 2139 1430 2199 genere

483 2218 706 2296 elegantissima,
716 2229 746 2276 et
759 2217 826 2295 plus
840 2217 936 2277 adbuc
950 2217 1083 2278 habitura
1092 2217 1200 2294 gratiae
1210 2219 1235 2279 si
1246 2219 1320 2280 intra
1329 2238 1429 2281 versus

483 2317 628 2377 trimetros
655 2314 823 2398 stetissent),
844 2315 891 2375 vix
921 2316 1015 2375 levem
1042 2318 1249 2394 consequimur
1275 2320 1506 2385 umbramzloo
1541 2396 1546 2405 p

482 2416 558 2477 adeo
572 2425 606 2476 ut
621 2415 694 2475 mihi
711 2433 808 2476 sermo
821 2415 888 2492 -ipse
903 2414 1057 2474 Romanus
1076 2433 1136 2475 non
1154 2415 1281 2492 recipere
1299 2417 1429 2476 videatur

482 2514 560 2573 illam
574 2513 643 2573 solis
656 2529 828 2574 concessam
839 2513 942 2574 Atticis
954 2531 1099 2586 venerem,
1112 2529 1180 2572 cum
1194 2531 1260 2572 eam
1274 2533 1312 2573 ne
1323 2513 1430 2576 Graeci

482 2613 600 2691 quidem
614 2614 645 2672 iu
657 2611 717 2670 alio
729 2629 836 2686 genere
854 2611 972 2689 linguae
991 2629 1061 2682 suae
1079 2589 1264 2672 obtinuerint
1305 2611 1430 2690 Togatis

482 2710 595 2772 excellit
617 2710 788 2770 Asunusz
820 2709 932 2769 utinam
960 2727 1022 2768 non
1050 2708 1230 2787 inquinasset
1256 2721 1431 2788 argumenta

482 2826 639 2888 puerorum
652 2807 745 2868 foedis
757 2808 907 2867 amoribus
920 2825 1018 2868 mores
1032 2825 1101 2868 suos
1115 2807 1214 2868 lassus

522 2908 562 2967 At
579 2925 642 2966 non
658 2907 776 2966 historia
793 2906 912 2966 cesserit
925 2903 1058 2966 Graecis.
1098 2905 1162 2966 Nec
1181 2925 1330 2985 opponere
1344 2905 1428 2968 Thu·
1441 2918 1501 2977 101

481 3005 576 3084 eydidi
596 3004 787 3065 Sauuusnmr
804 3022 912 3078 verear,
927 3022 983 3064 nec
1001 3004 1169 3082 indignetur
1184 3005 1238 3065 sibi
1258 3003 1429 3067 Herodotus

481 3103 600 3183 aequari
623 3102 729 3164 Trrmr
752 3100 875 3173 Lrvrurr,
900 3120 969 3162 cum
992 3103 1023 3161 in
1045 3103 1193 3177 narrando
1214 3103 1306 3163 mirae
1328 3105 1429 3164 iucun-

368 3227 372 3242 ·
481 3201 577 3262 diutia
601 3200 810 3278 clarissimique
831 3200 1062 3274 candoris-tum
1081 3202 1112 3260 in
1132 3201 1430 3285 contionibus(supra

368 3407 372 3423 ·’
480 3418 550 3460 cum
573 3400 667 3473 rebus,
694 3408 757 3458 tum

480 3300 705 3387 quamenarrari
715 3293 1026 3476 poteztggooquentem:
1047 3300 1087 3360 ita
1096 3318 1173 3379 quae
1184 3301 1318 3361 dicuntur
1327 3303 1428 3364 omnia

868 3399 914 3458 nis
938 3399 1160 3459 accommodata
1184 3410 1277 3467 suut:
1297 3399 1428 3462 adiectus
1492 3450 1496 3456 .

379 3553 382 3565 ,
480 3496 600 3589 quidem
611 3495 827 3576 praecipueque
837 3515 890 3588 eos
902 3497 955 3574 qui
969 3506 1037 3558 sunt
1049 3495 1202 3569 dulciores,
1213 3506 1247 3556 ut
1258 3495 1427 3576 parcissime

378 3571 381 3581 ¹
409 3602 412 3606 ’
482 3595 589 3669 dium,
602 3613 691 3687 nemo
703 3595 911 3656 historicorum
925 3593 1141 3688 commendavit
1153 3595 1256 3672 magis.
1296 3591 1429 3673 ideoque
1440 3603 1505 3662 loa

416 3720 426 3742 s
580 3745 582 3747 ,
857 3739 860 3742 .
931 3711 980 3754 02
1337 3706 1340 3716 “
