3609 4359
467 407 566 474 v.10.]
641 409 645 415 ·
777 411 892 460 tinen
915 411 1093 463 oscinem.
1357 423 1400 487 39

465 571 611 648 stringere.
652 569 758 648 Neque
774 588 831 646 ego
847 570 1035 647 paraphrasin
1056 587 1118 630 esse
1135 571 1433 648 interpretationem&

465 675 575 722 tantum
601 665 674 736 volo,
697 663 749 724 sed
773 667 850 723 circa
871 666 990 724 eosdem
1013 683 1115 723 sensus
1139 675 1284 724 certamen
1312 680 1401 746 atque

464 763 694 821 aemulationem.
737 761 864 841 Ideoque
895 765 933 822 ab
964 762 1017 821 illis
1049 763 1186 822 dissentio
1215 764 1264 839 qui
1292 775 1400 826 vertere

464 861 609 919 orationes
624 859 741 918 Latinas
756 871 859 934 vetant,
875 862 944 937 quia
957 861 1072 937 optimis
1089 861 1244 937 occupatis,
1260 861 1401 939 quidquid

464 957 544 1017 aliter
564 959 730 1030 dixerimus,
750 977 867 1020 necesse
892 960 928 1019 sit
948 978 1010 1018 esse
1032 959 1163 1018 deterius
1205 958 1283 1017 Nam
1304 979 1400 1037 neque

464 1073 577 1132 semper
604 1067 648 1116 est
674 1056 887 1134 desperandum
915 1057 1020 1135 aliquid
1049 1057 1102 1116 iliis
1127 1075 1201 1133 quae
1229 1057 1305 1115 dicta
1332 1068 1402 1117 sunt

462 1154 564 1213 melius
579 1173 664 1232 posse
685 1157 811 1233 reperiri,
833 1175 927 1234 neque
948 1156 1022 1216 adeo
1043 1155 1168 1214 ieiunam
1188 1174 1223 1214 ac
1241 1173 1401 1231 pauperem
1500 1177 1506 1192 ·

463 1265 563 1313 natura
576 1254 770 1331 eloquentiam
784 1255 850 1314 lecit
865 1264 895 1314 ut
910 1273 968 1312 una
981 1255 1017 1313 de
1035 1273 1065 1312 re
1083 1254 1155 1312 bene
1170 1251 1226 1312 dici
1241 1254 1295 1311 nisi
1309 1252 1399 1312 semel

462 1368 523 1409 non
534 1353 641 1429 possit:
656 1353 710 1411 nisi
721 1353 793 1414 forte
807 1351 979 1412 histrionum
992 1352 1082 1410 multa
1095 1351 1169 1411 circa
1179 1368 1264 1410 voces
1279 1350 1432 1414 easdemfi

461 1450 569 1508 variare
587 1461 685 1527 gestus
706 1460 806 1527 potest,
821 1449 922 1509 orandi
939 1449 1033 1508 minor
1047 1451 1096 1521 vis,
1112 1461 1143 1508 ut
1162 1448 1271 1508 dicatur
1289 1448 1399 1526 aliquid

461 1557 527 1623 post
539 1549 619 1625 quod
633 1548 664 1606 in
679 1549 781 1607 eadem
795 1549 913 1606 materia
926 1547 995 1605 nihil
1010 1546 1162 1606 dicendum
1176 1547 1219 1606 sit
1261 1546 1320 1606 Sed
1333 1557 1398 1606 esto
1417 1567 1418 1570 ¹

461 1662 557 1722 neque
580 1645 683 1705 melius
703 1644 782 1722 quod
803 1645 962 1703 invenimus
982 1663 1044 1704 esse
1064 1663 1156 1721 neque
1176 1664 1237 1723 par,
1255 1654 1299 1704 est
1318 1658 1396 1706 certe

461 1742 599 1820 proximis
626 1742 715 1801 locus.
755 1742 804 1799 An
825 1760 893 1801 vero
920 1741 973 1818 ipsi
1001 1761 1062 1800 non
1088 1743 1133 1802 bis
1159 1761 1195 1802 ac
1218 1743 1333 1820 saepius
1351 1743 1428 1828 *de'l

460 1840 561 1900 eadem
574 1860 605 1900 re
620 1841 740 1900 dicimus
754 1839 913 1915 etquidem
930 1841 1082 1899 continuas
1099 1857 1316 1917 nonnumquam
1330 1860 1394 1902 sen·

459 1939 580 1998 tentias?
621 1937 685 1996 Nisi
704 1939 776 1998 sorte
793 1935 967 1997 contendere
981 1937 1131 1996 nobiscum
1150 1957 1312 2016 possumus,
1326 1959 1395 2000 cum

459 2035 521 2094 aliis
534 2055 594 2096 non
609 2054 773 2113 possumus.
814 2035 891 2094 Nam
909 2037 933 2094 si
953 2054 1013 2094 uno
1030 2054 1135 2111 genere
1152 2037 1226 2095 bene
1246 2036 1395 2110 diceretur,

458 2133 502 2192 las
525 2145 585 2193 erat
609 2134 764 2193 existimari
788 2135 967 2210 praeclusam
991 2133 1074 2192 nobis
1095 2152 1113 2191 a
1136 2133 1277 2210 prioribus
1301 2133 1395 2208 viam;

458 2251 537 2292 nunc
557 2251 626 2292 vero
646 2232 869 2292 innumerabiles
890 2242 956 2290 sunt
976 2231 1055 2290 modi
1076 2231 1269 2308 plurimaeque
1289 2231 1395 2291 eodem

457 2332 519 2391 viae
539 2331 657 2391 ducunt.
702 2330 760 2389 Sua
781 2330 910 2390 brevitati
931 2331 1030 2406 gratia,
1047 2347 1098 2388 sua
1112 2330 1219 2406 copiae,
1233 2330 1289 2388 alia
1301 2340 1393 2390 trans·
1408 2339 1430 2394 8
1481 2320 1487 2337 ’

457 2429 521 2488 latis
534 2429 631 2502 virtus,
645 2429 702 2488 alia
722 2430 854 2506 propriis,
870 2427 925 2488 hoc
943 2427 1035 2486 oratio
1053 2439 1136 2500 recta,
1150 2427 1217 2486 illud
1234 2429 1326 2504 figura
1343 2428 1393 2488 de·

456 2526 561 2585 clinata
580 2526 775 2586 commendat.
815 2526 884 2603 Ipsa
898 2524 1022 2602 denique
1037 2524 1186 2583 utilissima
1198 2535 1240 2583 est
1254 2525 1394 2584 exercita-

455 2624 528 2684 tioni
547 2623 714 2684 difficultas·
749 2623 829 2696 Quid
842 2622 921 2701 quod
938 2621 1204 2682 auctoresmaximi
1218 2623 1260 2682 sic
1275 2622 1396 2698 diligen-

456 2722 512 2780 tius
539 2723 778 2798 cognoscuntur?
818 2721 889 2782 Non
913 2722 991 2781 enim
1014 2721 1121 2798 scripta
1146 2719 1268 2780 lectione
1293 2712 1395 2779 secura

454 2820 682 2892 transcurrimus,
698 2819 750 2880 sed
770 2830 925 2880 tractamus
946 2819 1058 2896 singula
1078 2830 1107 2878 et
1126 2819 1288 2878 necessario
1309 2817 1396 2876 intro·

454 2918 592 2995 spicimus
612 2928 649 2991 et,
664 2929 804 2997 quantum
822 2908 931 2979 virtutis
951 2917 1084 2992 habeant,
1099 2915 1143 2978 vel
1162 2916 1218 2976 hoc
1237 2918 1302 2994 ipso
1323 2933 1394 2994 cog-

381 3079 384 3081 *
454 3016 611 3089 noscimus,
625 3017 705 3094 quod
718 3018 820 3077 imitari
833 3036 895 3077 non
910 3034 1072 3095 possumus.

495 3113 561 3174 Nec
574 3114 668 3174 aliena
681 3125 793 3175 tantum
807 3115 966 3188 transferre,
982 3114 1034 3174 sed
1050 3115 1136 3174 etiam
1149 3122 1248 3172 nostra
1262 3111 1392 3194 plunims
1406 3121 1428 3176 9
1495 3189 1498 3196 Ι

453 3212 550 3273 modis
569 3197 690 3273 tractare
708 3212 841 3292 proderit,
855 3222 888 3272 ut
905 3233 940 3273 ex
957 3212 1095 3274 industria
1112 3229 1259 3271 sumamus
1277 3221 1394 3272 senten-

453 3312 508 3373 tias
520 3311 662 3389 quasdam
676 3330 784 3389 easque
797 3329 945 3372 versemus
959 3328 1046 3389 quam
1061 3308 1301 3390 numerosissime,
1316 3308 1393 3368 velut

453 3409 556 3470 eadem
570 3426 635 3469 cera
648 3409 722 3470 aliae
736 3410 865 3486 aliaeque
882 3409 990 3468 formae
1000 3407 1070 3472 ¹duci
1087 3404 1192 3466 solent.
1232 3405 1390 3466 Plurimum
1403 3412 1445 3466 10

449 3504 549 3565 'autem
564 3507 658 3583 parari
678 3506 820 3567 facultatis
839 3506 974 3566 existimo
992 3523 1028 3564 ex
1047 3502 1259 3580 simplicissima
1275 3489 1397 3580 quaque*

397 3590 402 3598 ’
453 3603 581 3664 materia.
622 3602 701 3664 Nam
716 3604 765 3665 illa
777 3604 926 3681 multiplici
941 3619 1134 3680 personarum,
1148 3609 1308 3673 musarum,
1320 3609 1392 3660 tem-
