3609 4359
1443 280 1618 289 ———.

507 415 529 459 ι.
542 407 597 471 ss]
817 409 932 458 LIBER
953 410 1132 460 DECIMUS.
1404 420 1443 483 13

506 571 608 627 virium
626 569 713 626 etiam
731 569 762 625 iu
780 568 883 626 celcris
902 568 1030 644 partibus
1048 568 1143 627 habet.
1185 568 1262 628 Nam
1278 580 1308 630 et
1327 568 1444 648 grandis

505 679 536 725 ct
554 669 673 742 elegans
691 678 721 724 et
739 680 868 735 venusta,
888 682 917 724 et
939 667 1037 725 nescio
1057 684 1095 724 an
1115 666 1182 735 ulla,
1197 680 1264 742 post
1281 666 1445 727 Homerum

506 779 613 834 umen,
642 782 730 841 quem
757 774 789 821 ιιι
815 763 948 822 Achillen
975 782 1089 841 semper
1115 766 1209 841 excipi
1237 782 1290 841 par
1316 776 1368 835 est,
1395 777 1445 824 aut

505 864 623 922 similior
643 864 680 921 sit
699 864 864 921 oratoribus
884 874 936 921 aut
962 861 1000 920 ad
1021 875 1151 921 oratores
1171 863 1320 923 faciendos
1340 867 1444 941 aptior.

506 961 606 1019 Plures
632 961 695 1018 eius
721 971 863 1032 auctores,
886 962 1112 1020 Aarsronraurs
1138 972 1234 1019 tamen
1261 971 1290 1019 et
1315 961 1500 1023 Eurousw

506 1059 717 1136 crinitusque
741 1060 897 1136 praecipui.
948 1060 1131 1136 Tragoedias
1157 1059 1267 1136 primus
1293 1059 1324 1117 in
1351 1060 1445 1118 lucem

505 1160 678 1217 Anscnrnus
700 1158 827 1234 protulit,
851 1158 984 1217 sublimis
1004 1170 1035 1217 et
1060 1159 1155 1235 gravis
1181 1167 1212 1217 et
1237 1157 1446 1234 grandiloquus

505 1275 593 1333 saepe
611 1275 704 1333 usqne
721 1256 760 1315 ad
777 1257 886 1327 vitium,
899 1256 952 1315 sed
973 1256 1052 1316 rudis
1071 1256 1102 1315 in
1122 1256 1265 1334 plerisque
1286 1265 1315 1315 et
1334 1256 1446 1314 incom-

401 1430 407 1444 ι
505 1356 616 1432 positus
625 1376 636 1428 ;
656 1354 867 1431 propterquod
878 1365 1024 1413 correctas
1041 1354 1103 1413 eius
1121 1353 1233 1413 fabulas
1250 1353 1281 1411 in
1298 1362 1446 1413 certamen

402 1523 409 1537 ⁹
506 1453 617 1513 deferre
649 1453 856 1529 posterioribus
891 1452 986 1528 poetis
1021 1452 1212 1512 Athenienses
1245 1451 1446 1529 permiserunt,

506 1565 631 1629 suntque
650 1569 688 1609 eo
706 1550 797 1609 modo
817 1549 899 1607 multi
918 1552 1058 1611 ooronati.
1102 1548 1160 1609 Sed
1178 1550 1265 1627 longe
1281 1548 1386 1609 clarius
1401 1548 1445 1607 in·
1457 1550 1499 1608 67

506 1649 697 1708 lustraverunt
709 1647 767 1705 hoc
777 1666 852 1723 opus
866 1647 1034 1708 Sorsocnm
1047 1658 1134 1725 atque
1143 1648 1310 1719 Euarrrnrs,
1321 1664 1447 1725 quorum

506 1748 535 1805 in
549 1748 656 1823 dispari
669 1745 785 1804 dicendi
799 1746 845 1803 via
857 1757 920 1803 uter
936 1746 973 1803 sit
991 1755 1078 1822 poeta
1096 1746 1197 1805 melior
1215 1747 1289 1805 inter
1307 1745 1448 1823 plurimos

506 1848 660 1921 quaeritur.
715 1842 809 1919 ldque
840 1861 897 1920 ego
925 1860 1004 1913 sane,
1033 1844 1172 1919 quoniam
1198 1843 1237 1902 ad
1265 1855 1447 1920 praesentem

506 1944 656 2002 materiam
691 1940 761 1999 nihil
793 1942 924 2017 pertinet,
959 1942 1147 2001 iniudicatum
1180 1942 1320 2021 relinquo.
1370 1941 1447 2001 Illud
1535 2020 1539 2027 .

506 2041 624 2118 quidem
650 2056 739 2098 nemo
756 2039 827 2097 'non
852 2037 974 2098 fateatur
997 2057 1117 2098 necesse
1139 2051 1190 2112 est,
1215 2040 1250 2099 iis
1273 2040 1324 2118 qui
1348 2058 1380 2100 se
1407 2039 1446 2099 ad

505 2140 652 2216 agendum
685 2148 857 2215 comparant
890 2138 1032 2198 utiliorem
1066 2138 1154 2216 longe
1180 2138 1243 2198 fore
1277 2138 1446 2217 Euripiden.

507 2238 644 2314 Namque
658 2238 684 2296 is
696 2248 725 2295 et
738 2253 876 2295 sermone
889 2235 990 2313 (quod
1001 2238 1098 2313 ipsum
1115 2237 1328 2315 reprehendunt
1341 2239 1446 2321 quibus
1457 2243 1502 2299 08

505 2338 644 2415 gravitas,
657 2345 687 2395 et
715 2334 875 2394 cothurnus
905 2343 934 2393 et
961 2353 1051 2394 sonus
1079 2334 1216 2412 Sophocli
1243 2336 1354 2395 videtur
1382 2354 1446 2396 esse

506 2433 668 2514 sublimior)
690 2433 785 2509 magis
812 2432 924 2493 accedit
951 2436 1079 2493 oratorio
1107 2436 1214 2513 generi,
1241 2446 1271 2495 et
1297 2434 1449 2494 sententiis

505 2534 614 2593 densus
633 2543 662 2591 et
685 2532 716 2591 in
736 2532 772 2591 iis
792 2537 867 2609 qua'e
886 2549 905 2589 a
927 2532 1105 2607 sapientibus
1131 2532 1235 2593 tradita
1261 2543 1328 2592 sunt
1355 2527 1449 2611 pa'ene

394 2654 398 2663 ¹
504 2633 575 2709 ipsis
595 2651 657 2710 par,
671 2642 702 2691 et
720 2629 854 2689 dicendo.
865 2649 900 2689 ac
920 2631 1124 2707 respondendo
1143 2632 1257 2692 cuilibet
1276 2650 1379 2693 eorum
1396 2632 1449 2708 qui

504 2729 620 2789 fuerunt
638 2732 669 2788 in
689 2728 753 2788 foro
773 2723 1122 2806 diserti'bomparandus3
1150 2731 1180 2789 in
1201 2730 1360 2791 adfectibus
1378 2746 1449 2789 vero
1486 2772 1490 2780 -

504 2848 573 2889 cum
593 2828 729 2889 omnibus
748 2828 847 2897 mirus.
866 2838 928 2885 tum
948 2827 979 2885 in
1000 2829 1034 2887 iis
1053 2830 1104 2905 qui
1123 2829 1154 2887 in
1174 2828 1358 2889 miseratione
1377 2846 1448 2889 con·

505 2938 582 2987 stant
601 2926 685 2985 facile
702 2926 873 3002 praecipuus
889 2936 942 2985 est.
984 2926 1073 2987 Hunc
1094 2938 1123 2986 et
1143 2926 1300 2987 admiratus
1320 2928 1447 2987 maxime
1458 2909 1586 2994 Γ

387 3072 398 3103 ,
504 3037 556 3097 est,
577 3036 610 3083 ut
637 3042 725 3099 saepe
756 3036 882 3094 testatur,
904 3033 934 3082 et
961 3036 1086 3094 secutus,
1108 3043 1288 3105 quamquam
1308 3025 1338 3084 in
1359 3042 1447 3102 opere

427 3168 432 3177 .-
504 3125 626 3192 diverso,
648 3120 832 3193 Mauram,
853 3122 903 3200 qui
929 3123 973 3181 vel
998 3141 1074 3181 unus
1101 3141 1168 3182 meo
1195 3125 1313 3201 quidem
1340 3122 1448 3185 iudicio
1506 3138 1512 3149 “

387 3237 409 3287 3‘
487 3217 658 3298 ¹diligenter
675 3221 766 3280 lectus
786 3222 825 3279 ad
845 3230 951 3280 cuncta
971 3239 1047 3297 quae
1068 3223 1262 3298 praecipimus
1282 3221 1449 3297 effingenda

400 3340 404 3346 ·
503 3320 642 3380 sufficiat:
664 3319 704 3378 ita
724 3336 843 3378 omnem
864 3318 939 3376 ritae
960 3319 1117 3396 imaginem
1140 3320 1289 3396 expressit,
1310 3330 1389 3377 tanta
1416 3320 1447 3379 in

504 3436 541 3479 eo
559 3416 724 3476 inveniendi
741 3416 827 3493 copia
844 3425 874 3475 et
890 3416 1044 3492 eloquendi
1059 3415 1187 3489 facultas,
1202 3418 1242 3475 ita
1253 3427 1298 3476 est
1311 3416 1447 3497 omuibus

417 3589 441 3594 ..
504 3504 601 3583 rebus,
628 3514 767 3592 personis,
794 3513 955 3574 adfectibus
987 3514 1234 3574 accommodatus.
1283 3512 1348 3573 Nec
1374 3512 1445 3583 nihil
1458 3519 1504 3577 70

427 3631 441 3635 ··
467 3670 483 3687 „
504 3611 636 3689 profecto
661 3612 794 3671 videmnt
823 3608 873 3689 qui
900 3613 1055 3684 orationes,
1085 3629 1160 3687 quae
1188 3610 1300 3671 Charisi
1334 3611 1446 3670 nomini
