3609 4359
436 404 457 451 1.
470 398 524 465 ιφ]
749 402 864 453 arnan
886 402 1065 455 necinus.
1352 410 1372 475 5

386 584 394 644 ι
433 560 484 620 sed
506 559 765 619 multa‘iteratione
786 559 895 619 mollita
917 570 947 619 et
969 558 1044 621 velut
1065 560 1195 623 conlecta
1215 564 1373 623 memoriae

382 729 385 738 Ι
433 659 642 735 imitationique
656 660 789 719 tradatur.

372 794 395 823 ,-
473 758 517 815 Ac
539 756 589 815 diu
612 775 673 815 non
702 758 756 816 nisi
777 759 906 835 optimus
930 760 1050 838 quisque
1078 772 1107 821 et
1134 760 1183 837 qui
1210 758 1370 819 credentem
1384 762 1429 817 20

395 914 398 921 ,
433 857 485 914 sibi
506 856 627 913 minime
647 855 725 914 fallat
750 857 889 931 legendus
910 871 962 927 est,
984 858 1034 919 sed
1055 858 1205 935 diligenter
1224 876 1259 917 ac
1282 876 1372 935 paene

394 981 400 1042 ι
432 953 470 1012 ad
492 952 636 1011 scribendi
657 952 901 1026 sollicitudinem;
925 974 978 1015 nec
999 974 1052 1055 per
1072 968 1167 1032 partes
1187 954 1276 1015 modo
1296 972 1374 1013 scru-

395 1051 400 1105 ἔ
432 1053 521 1113 tanda
542 1053 650 1124 omnis,
673 1053 725 1113 sed
749 1054 891 1130 perlectus
910 1056 981 1114 liber
1003 1056 1100 1131 utique
1127 1073 1163 1114 ex
1191 1054 1303 1129 integro
1329 1072 1375 1113 re·

385 1182 397 1265 Ι
391 1124 600 1223 sumendus,
622 1153 835 1229 praecipueque
856 1154 959 1222 oratio,
981 1154 1062 1213 cuius
1080 1153 1194 1213 virtutes
1215 1151 1376 1231 frequenter

431 1270 468 1311 ex
482 1250 623 1310 industria
640 1268 760 1327 quoque
778 1251 967 1312 occultantur.
1009 1250 1103 1328 Saepe
1120 1252 1197 1311 enim
1215 1260 1373 1329 praeparat,
1387 1252 1427 1310 21

379 1296 395 1398 i
430 1347 600 1420 dissimulat,
614 1349 765 1408 insidiatur
778 1362 884 1421 orator,
898 1368 993 1427 eaque
1006 1351 1036 1409 in
1051 1350 1143 1427 prima
1154 1360 1236 1427 parte
1251 1348 1375 1410 sotionis

380 1446 498 1507 dtcrt
509 1464 583 1525 quae
592 1459 658 1506 sunt
670 1467 700 1505 ιιι
709 1465 824 1506 summa
834 1448 990 1524 profutura.
1032 1446 1375 1525 ltaquesuolocominus

433 1545 559 1623 placent,
570 1545 668 1606 adhuc
676 1546 762 1605 nobis
770 1564 857 1623 quare
865 1546 943 1605 dicta
954 1547 1010 1605 sint
1018 1547 1230 1623 ignorantibuss
1251 1544 1375 1622 ideoque

431 1656 515 1703 crunt
525 1644 650 1720 cognitis
663 1645 801 1703 omnibus
815 1646 982 1721 repetenda.
1023 1643 1099 1703 lllud
1109 1662 1176 1703 vcro
1184 1643 1374 1714 utilissimum,
1387 1650 1430 1705 22

430 1759 517 1801 nosse
526 1759 576 1800 eas
590 1757 694 1801 causas
707 1759 832 1818 quarum
840 1742 985 1802 orationes
999 1743 1029 1802 in
1043 1760 1146 1801 manus
1160 1742 1372 1819 sumpserimus,

430 1850 468 1909 et,
483 1839 619 1916 quotiens
638 1840 795 1915 continget,
818 1840 963 1916 utrimque
983 1838 1094 1899 habitas
1114 1839 1208 1917 legere
1229 1840 1373 1899 actiones:

430 1946 463 1996 ut
482 1935 689 1996 Demosthenis
705 1947 735 1995 et
750 1936 901 1996 Aeschinis
920 1939 993 1995 inter
1008 1955 1041 1997 se
1062 1936 1226 2007 contrarias,
1245 1948 1274 1996 et
1294 1936 1373 1995 Servi

371 1696 403 1757 ιι.

431 2033 540 2111 Sulpici
553 2044 641 2111 atque
658 2032 823 2103 Messallae,
837 2050 963 2110 quorum
977 2033 1049 2093 alter
1067 2052 1120 2111 pro
1135 2032 1258 2106 Aufidia,
1273 2044 1374 2093 contra

429 2131 500 2191 dixit
525 2132 604 2205 alter,
623 2145 653 2191 et
673 2129 813 2190 Pollionis
836 2143 864 2189 et
884 2130 968 2193 Cassi
989 2150 1039 2192 reo
1060 2132 1221 2209 Asprenate
1244 2130 1372 2208 aliasque

385 2250 388 2257 ·
429 2229 576 2306 plurimas.
617 2229 699 2302 Quin
713 2228 799 2288 etiam
813 2229 837 2286 si
852 2229 948 2289 minus
969 2246 1052 2306 pares
1065 2229 1236 2289 videbuntur
1248 2229 1369 2309 aliquae,
1383 2233 1426 2289 28

429 2338 527 2387 tamen
540 2327 580 2388 ad
591 2328 830 2403 cognoscendam
846 2327 939 2387 litium
956 2328 1158 2404 quaestionem
1171 2337 1246 2387 recte
1263 2329 1371 2405 requir-

428 2436 520 2497 entur,
540 2435 693 2485 utcontra
713 2423 865 2485 Ciceronis
884 2425 1031 2485 orationes
1047 2422 1216 2485 Tuberonis
1236 2424 1266 2484 in
1287 2425 1374 2503 liga-

308 2495 333 2657 ¹p
429 2524 547 2583 riumet
565 2523 707 2582 Hortensi
720 2540 776 2600 pro
789 2522 890 2583 Verre.
931 2521 1120 2597 Quinetiam
1137 2522 1255 2583 easdem
1269 2540 1373 2583 musas

378 2649 382 2660 ·
428 2632 460 2680 ut
473 2613 597 2699 quisquc
609 2621 700 2697 egerit
709 2619 778 2679 utile
790 2620 845 2680 erit
858 2622 940 2680 scire.
982 2620 1060 2681 Nam
1074 2621 1111 2682 de
1125 2620 1215 2682 domo
1223 2619 1372 2683 Ciceronis

331 2672 350 2780 i
378 2764 381 2779 t
427 2720 500 2778 dixit
518 2717 648 2779 Calidius
667 2729 696 2778 et
717 2736 771 2795 pro
792 2717 906 2779 Milone
926 2720 1088 2788 orationem
1108 2718 1215 2779 Bmtus
1233 2719 1371 2779 exercita-
1387 2742 1429 2777 <a

427 2912 499 2974 falso
517 2915 671 2986 existimat,
685 2925 715 2974 et
728 2913 821 2973 Pollio
834 2925 863 2974 et
877 2914 1017 2975 Messalla
1033 2914 1223 2978 defenderunt
1240 2912 1370 2984 eoadem,

426 3023 455 3072 et
477 3012 562 3073 nobis
587 3013 685 3090 pueris
710 3013 841 3088 insignes
869 3031 924 3091 pro
951 3012 1102 3074 Voluseno
1129 3012 1233 3073 Catulo
1259 3010 1370 3071 Domiti

348 2783 382 3047 N
427 2818 514 2877 tionis
527 2818 618 2893 gratia
631 2817 754 2894 scriput
770 2818 858 2877 etiam
874 2819 900 2878 si
914 2818 1008 2896 egisse
1021 2836 1090 2879 eum
1102 2815 1255 2879 Cornelius
1267 2815 1390 2877 eeuusa
1503 2858 1506 2864 -

321 2979 423 3147 Ι
418 3109 488 3169 lAlri
491 3108 607 3186 ,Crispi
619 3109 760 3181 Passieni,
775 3108 891 3170 Decimi
905 3109 986 3171 Laeli
999 3112 1145 3172 orationes
1157 3108 1328 3194 ferebantur.

414 3208 571 3285 Neque
597 3206 628 3267 id
654 3208 751 3269 statim
771 3208 880 3285 legenti
906 3228 1077 3287 persuasum
1100 3211 1147 3283 sit,
1166 3209 1267 3269 omnia
1293 3208 1426 3285 quaest

423 3307 527 3384 optimi
549 3317 683 3367 auctores
704 3306 830 3367 dixerint
852 3307 952 3418 utique
975 3324 1040 3367 esse
1063 3306 1198 3385 perlecta
1238 3305 1318 3366 Nam
1339 3316 1369 3365 et

368 3394 562 3463 labumur
580 3402 739 3481 aliquando
757 3415 789 3465 et
807 3404 890 3465 oneri
909 3402 1017 3466 cedunt
1037 3415 1067 3465 et
1085 3403 1264 3483 indulgent
1255 3401 1368 3481 ingeni·

376 3518 509 3595 porum
527 3518 648 3562 summm
667 3501 816 3579 voluptati,
832 3520 889 3563 nec
910 3520 1025 3579 semper
1044 3501 1197 3563 intendunt
1216 3502 1367 3574 animum

386 3601 447 3771 p
422 3613 646 3740 nonnumquam
661 3598 828 3676 latigantrrr,
842 3617 913 3659 cum
927 3598 1060 3660 Ciceroni
1078 3599 1232 3683 dormitam
1252 3598 1366 3661 interim
1420 3605 1422 3609 ’

386 3792 389 3799 -

371 3831 391 3853 .'
430 3843 452 3850 ὀ

363 3852 410 3863 r·-

385 3870 391 3890 t

411 3968 474 3978 *a*
