<?xml version="1.0" encoding="UTF-8"?>
<!DOCTYPE html PUBLIC "-//W3C//DTD XHTML 1.0 Transitional//EN"
    "http://www.w3.org/TR/xhtml1/DTD/xhtml1-transitional.dtd">
<html xmlns="http://www.w3.org/1999/xhtml" xml:lang="en" lang="en">
 <head>
  <title>
</title>
<meta http-equiv="Content-Type" content="text/html;charset=utf-8" />
  <meta name='ocr-system' content='tesseract 3.04.00' />
  <meta name='ocr-capabilities' content='ocr_page ocr_carea ocr_par ocr_line ocrx_word'/>
</head>
<body>
  <div class='ocr_page' id='page_1' title='image "./quintilianiinst00petegoog_0029.png"; bbox 0 0 3609 4359; ppageno 0'>
   <div class='ocr_carea' id='block_1_1' title="bbox 447 387 1377 457">
    <p class='ocr_par' dir='ltr' id='par_1_1' title="bbox 447 387 1377 457">
     <span class='ocr_line' id='line_1_1' title="bbox 447 387 1377 457; baseline 0.001 -18"><span class='ocrx_word' id='word_1_1' title='bbox 447 396 468 441; x_wconf 91' lang='lat'><strong>1.</strong></span> <span class='ocrx_word' id='word_1_2' title='bbox 481 387 535 452; x_wconf 75' lang='lat' dir='ltr'><strong>ssi</strong></span> <span class='ocrx_word' id='word_1_3' title='bbox 757 392 873 439; x_wconf 72' lang='lat' dir='ltr'><strong>arnan</strong></span> <span class='ocrx_word' id='word_1_4' title='bbox 894 392 1074 439; x_wconf 75' lang='lat' dir='ltr'><strong>nacrnrcs.</strong></span> <span class='ocrx_word' id='word_1_5' title='bbox 1362 396 1377 457; x_wconf 88' lang='lat'>7</span> 
     </span>
    </p>
   </div>
   <div class='ocr_carea' id='block_1_2' title="bbox 354 524 1539 3574">
    <p class='ocr_par' dir='ltr' id='par_1_2' title="bbox 381 524 1435 920">
     <span class='ocr_line' id='line_1_2' title="bbox 381 524 1435 627; baseline 0 -18"><span class='ocrx_word' id='word_1_6' title='bbox 381 524 387 538; x_wconf 48' lang='grc'>’</span> <span class='ocrx_word' id='word_1_7' title='bbox 487 550 616 609; x_wconf 78' lang='lat' dir='ltr'>Historia</span> <span class='ocrx_word' id='word_1_8' title='bbox 635 568 753 627; x_wconf 88' lang='lat' dir='ltr'><strong>qnoque</strong></span> <span class='ocrx_word' id='word_1_9' title='bbox 773 548 849 608; x_wconf 86' lang='lat' dir='ltr'><strong>alere</strong></span> <span class='ocrx_word' id='word_1_10' title='bbox 867 559 1013 608; x_wconf 86' lang='lat' dir='ltr'><strong>oratorem</strong></span> <span class='ocrx_word' id='word_1_11' title='bbox 1033 549 1160 626; x_wconf 90' lang='lat' dir='ltr'><strong>quodam</strong></span> <span class='ocrx_word' id='word_1_12' title='bbox 1182 550 1263 610; x_wconf 87' lang='lat' dir='ltr'><strong>uberi</strong></span> <span class='ocrx_word' id='word_1_13' title='bbox 1282 550 1435 612; x_wconf 74' lang='lat' dir='ltr'><strong>inem-81</strong></span> 
     </span>
     <span class='ocr_line' id='line_1_3' title="bbox 447 647 1383 729; baseline 0 -22"><span class='ocrx_word' id='word_1_14' title='bbox 447 649 544 725; x_wconf 90' lang='lat' dir='ltr'><strong>doque</strong></span> <span class='ocrx_word' id='word_1_15' title='bbox 565 666 637 729; x_wconf 79' lang='lat' dir='ltr'><strong>suco</strong></span> <span class='ocrx_word' id='word_1_16' title='bbox 658 660 772 724; x_wconf 88' lang='lat' dir='ltr'><strong>potest;</strong></span> <span class='ocrx_word' id='word_1_17' title='bbox 802 664 902 705; x_wconf 83' lang='lat' dir='ltr'><strong>verum</strong></span> <span class='ocrx_word' id='word_1_18' title='bbox 924 658 952 705; x_wconf 92' lang='lat' dir='ltr'><strong>et</strong></span> <span class='ocrx_word' id='word_1_19' title='bbox 977 647 1040 721; x_wconf 90' lang='lat' dir='ltr'><strong>ipsa</strong></span> <span class='ocrx_word' id='word_1_20' title='bbox 1067 649 1107 707; x_wconf 86' lang='lat' dir='ltr'><strong>sic</strong></span> <span class='ocrx_word' id='word_1_21' title='bbox 1135 659 1177 706; x_wconf 91' lang='lat' dir='ltr'><strong>est</strong></span> <span class='ocrx_word' id='word_1_22' title='bbox 1203 647 1324 723; x_wconf 81' lang='lat' dir='ltr'><strong>legenda</strong></span> <span class='ocrx_word' id='word_1_23' title='bbox 1352 660 1383 707; x_wconf 91' lang='lat' dir='ltr'><strong>ut</strong></span> 
     </span>
     <span class='ocr_line' id='line_1_4' title="bbox 446 745 1384 822; baseline 0 -17"><span class='ocrx_word' id='word_1_24' title='bbox 446 747 572 805; x_wconf 86' lang='lat' dir='ltr'><strong>sciamus</strong></span> <span class='ocrx_word' id='word_1_25' title='bbox 585 746 736 822; x_wconf 84' lang='lat' dir='ltr'><strong>plerasque</strong></span> <span class='ocrx_word' id='word_1_26' title='bbox 750 745 813 803; x_wconf 89' lang='lat' dir='ltr'><strong>eius</strong></span> <span class='ocrx_word' id='word_1_27' title='bbox 826 747 942 803; x_wconf 82' lang='lat' dir='ltr'><strong>virtutes</strong></span> <span class='ocrx_word' id='word_1_28' title='bbox 956 746 1062 802; x_wconf 89' lang='lat' dir='ltr'><strong>oratori</strong></span> <span class='ocrx_word' id='word_1_29' title='bbox 1076 763 1139 803; x_wconf 92' lang='lat' dir='ltr'><strong>esse</strong></span> <span class='ocrx_word' id='word_1_30' title='bbox 1153 745 1289 805; x_wconf 78' lang='lat' dir='ltr'><strong>vitandas</strong></span> <span class='ocrx_word' id='word_1_31' title='bbox 1330 745 1384 805; x_wconf 87' lang='lat' dir='ltr'><strong>Est</strong></span> 
     </span>
     <span class='ocr_line' id='line_1_5' title="bbox 446 842 1382 920; baseline 0 -17"><span class='ocrx_word' id='word_1_32' title='bbox 446 846 524 903; x_wconf 92' lang='lat' dir='ltr'><strong>enim</strong></span> <span class='ocrx_word' id='word_1_33' title='bbox 545 845 676 920; x_wconf 85' lang='lat' dir='ltr'><strong>proxima</strong></span> <span class='ocrx_word' id='word_1_34' title='bbox 696 845 789 919; x_wconf 90' lang='lat' dir='ltr'><strong>poetis</strong></span> <span class='ocrx_word' id='word_1_35' title='bbox 808 855 837 901; x_wconf 92' lang='lat' dir='ltr'><strong>et</strong></span> <span class='ocrx_word' id='word_1_36' title='bbox 857 842 984 917; x_wconf 82' lang='lat' dir='ltr'><strong>quodam</strong></span> <span class='ocrx_word' id='word_1_37' title='bbox 1006 842 1094 901; x_wconf 90' lang='lat' dir='ltr'><strong>modo</strong></span> <span class='ocrx_word' id='word_1_38' title='bbox 1111 861 1226 901; x_wconf 89' lang='lat' dir='ltr'><strong>carmen</strong></span> <span class='ocrx_word' id='word_1_39' title='bbox 1248 844 1382 915; x_wconf 88' lang='lat' dir='ltr'><strong>solutum,</strong></span> 
     </span>
    </p>

    <p class='ocr_par' dir='ltr' id='par_1_3' title="bbox 390 940 1439 1411">
     <span class='ocr_line' id='line_1_6' title="bbox 390 940 1384 1019; baseline -0.001 -17"><span class='ocrx_word' id='word_1_40' title='bbox 390 984 394 992; x_wconf 76' lang='lat'><strong>·</strong></span> <span class='ocrx_word' id='word_1_41' title='bbox 446 956 475 1002; x_wconf 90' lang='lat' dir='ltr'><strong>et</strong></span> <span class='ocrx_word' id='word_1_42' title='bbox 487 943 620 1001; x_wconf 78' lang='lat' dir='ltr'><strong>scribitur</strong></span> <span class='ocrx_word' id='word_1_43' title='bbox 634 941 673 999; x_wconf 88' lang='lat' dir='ltr'><strong>ad</strong></span> <span class='ocrx_word' id='word_1_44' title='bbox 693 942 880 1012; x_wconf 87' lang='lat' dir='ltr'><strong>narrandum,</strong></span> <span class='ocrx_word' id='word_1_45' title='bbox 893 958 954 999; x_wconf 92' lang='lat' dir='ltr'><strong>non</strong></span> <span class='ocrx_word' id='word_1_46' title='bbox 972 940 1010 999; x_wconf 86' lang='lat' dir='ltr'><strong>ad</strong></span> <span class='ocrx_word' id='word_1_47' title='bbox 1031 940 1219 1017; x_wconf 89' lang='lat' dir='ltr'><strong>probandum,</strong></span> <span class='ocrx_word' id='word_1_48' title='bbox 1234 953 1384 1019; x_wconf 91' lang='lat' dir='ltr'><strong>totumque</strong></span> 
     </span>
     <span class='ocr_line' id='line_1_7' title="bbox 446 1038 1384 1117; baseline -0.001 -18"><span class='ocrx_word' id='word_1_49' title='bbox 446 1059 520 1117; x_wconf 93' lang='lat' dir='ltr'><strong>opus</strong></span> <span class='ocrx_word' id='word_1_50' title='bbox 540 1057 601 1099; x_wconf 91' lang='lat' dir='ltr'><strong>non</strong></span> <span class='ocrx_word' id='word_1_51' title='bbox 621 1038 776 1098; x_wconf 84' lang='lat' dir='ltr'><strong>adactum</strong></span> <span class='ocrx_word' id='word_1_52' title='bbox 796 1039 838 1098; x_wconf 91' lang='lat' dir='ltr'><strong>rei</strong></span> <span class='ocrx_word' id='word_1_53' title='bbox 858 1056 1044 1115; x_wconf 80' lang='lat' dir='ltr'><strong>pugnamque</strong></span> <span class='ocrx_word' id='word_1_54' title='bbox 1063 1048 1251 1115; x_wconf 78' lang='lat' dir='ltr'>praesentem,</span> <span class='ocrx_word' id='word_1_55' title='bbox 1273 1039 1325 1099; x_wconf 91' lang='lat' dir='ltr'><strong>sed</strong></span> <span class='ocrx_word' id='word_1_56' title='bbox 1346 1040 1384 1098; x_wconf 82' lang='lat' dir='ltr'><strong>ad</strong></span> 
     </span>
     <span class='ocr_line' id='line_1_8' title="bbox 443 1118 1382 1220; baseline -0.003 -22"><span class='ocrx_word' id='word_1_57' title='bbox 443 1140 616 1220; x_wconf 10' lang='lat' dir='ltr'><strong>*memoriam</strong></span> <span class='ocrx_word' id='word_1_58' title='bbox 647 1138 823 1214; x_wconf 81' lang='lat' dir='ltr'>posteritatis</span> <span class='ocrx_word' id='word_1_59' title='bbox 850 1149 879 1195; x_wconf 91' lang='lat' dir='ltr'><strong>et</strong></span> <span class='ocrx_word' id='word_1_60' title='bbox 906 1118 1014 1213; x_wconf 73' lang='lat' dir='ltr'><strong>ingenii</strong></span> <span class='ocrx_word' id='word_1_61' title='bbox 1041 1135 1147 1195; x_wconf 84' lang='lat' dir='ltr'><strong>famam</strong></span> <span class='ocrx_word' id='word_1_62' title='bbox 1178 1138 1382 1213; x_wconf 90' lang='lat' dir='ltr'><strong>componitur;</strong></span> 
     </span>
     <span class='ocr_line' id='line_1_9' title="bbox 446 1234 1383 1314; baseline -0.006 -17"><span class='ocrx_word' id='word_1_63' title='bbox 446 1238 569 1314; x_wconf 90' lang='lat' dir='ltr'><strong>ideoque</strong></span> <span class='ocrx_word' id='word_1_64' title='bbox 582 1247 612 1296; x_wconf 94' lang='lat' dir='ltr'><strong>et</strong></span> <span class='ocrx_word' id='word_1_65' title='bbox 625 1238 718 1295; x_wconf 90' lang='lat' dir='ltr'><strong>verbis</strong></span> <span class='ocrx_word' id='word_1_66' title='bbox 739 1235 941 1295; x_wconf 80' lang='lat' dir='ltr'><strong>remotioribus</strong></span> <span class='ocrx_word' id='word_1_67' title='bbox 959 1246 987 1294; x_wconf 91' lang='lat' dir='ltr'><strong>et</strong></span> <span class='ocrx_word' id='word_1_68' title='bbox 1008 1234 1185 1295; x_wconf 84' lang='lat' dir='ltr'><strong>liberioribus</strong></span> <span class='ocrx_word' id='word_1_69' title='bbox 1204 1235 1301 1311; x_wconf 83' lang='lat' dir='ltr'><strong>figuris</strong></span> <span class='ocrx_word' id='word_1_70' title='bbox 1317 1252 1383 1292; x_wconf 90' lang='lat' dir='ltr'><strong>nar·</strong></span> 
     </span>
     <span class='ocr_line' id='line_1_10' title="bbox 447 1327 1439 1411; baseline -0.004 -17"><span class='ocrx_word' id='word_1_71' title='bbox 447 1336 529 1395; x_wconf 87' lang='lat' dir='ltr'><strong>randi</strong></span> <span class='ocrx_word' id='word_1_72' title='bbox 539 1335 666 1395; x_wconf 88' lang='lat' dir='ltr'><strong>taedium</strong></span> <span class='ocrx_word' id='word_1_73' title='bbox 674 1334 769 1393; x_wconf 84' lang='lat' dir='ltr'><strong>evitat</strong></span> <span class='ocrx_word' id='word_1_74' title='bbox 804 1332 916 1410; x_wconf 88' lang='lat' dir='ltr'><strong>ltaque,</strong></span> <span class='ocrx_word' id='word_1_75' title='bbox 925 1344 956 1393; x_wconf 92' lang='lat' dir='ltr'><strong>ut</strong></span> <span class='ocrx_word' id='word_1_76' title='bbox 965 1334 1033 1407; x_wconf 84' lang='lat' dir='ltr'><strong>dixi,</strong></span> <span class='ocrx_word' id='word_1_77' title='bbox 1045 1327 1138 1411; x_wconf 80' lang='lat' dir='ltr'><strong>neque</strong></span> <span class='ocrx_word' id='word_1_78' title='bbox 1152 1334 1200 1393; x_wconf 84' lang='lat' dir='ltr'><strong>illa</strong></span> <span class='ocrx_word' id='word_1_79' title='bbox 1213 1332 1439 1393; x_wconf 73' lang='lat' dir='ltr'><strong>Sallustianam</strong></span> 
     </span>
    </p>

    <p class='ocr_par' dir='ltr' id='par_1_4' title="bbox 368 1432 1385 1703">
     <span class='ocr_line' id='line_1_11' title="bbox 368 1432 1385 1519; baseline -0.003 -26"><span class='ocrx_word' id='word_1_80' title='bbox 368 1504 372 1519; x_wconf 41' lang='lat'><strong>¹</strong></span> <span class='ocrx_word' id='word_1_81' title='bbox 446 1436 576 1506; x_wconf 79' lang='lat' dir='ltr'><strong>brevitas,</strong></span> <span class='ocrx_word' id='word_1_82' title='bbox 587 1452 647 1510; x_wconf 93' lang='lat' dir='ltr'><strong>qua</strong></span> <span class='ocrx_word' id='word_1_83' title='bbox 659 1432 731 1491; x_wconf 91' lang='lat' dir='ltr'><strong>nihil</strong></span> <span class='ocrx_word' id='word_1_84' title='bbox 744 1432 824 1508; x_wconf 90' lang='lat' dir='ltr'><strong>apud</strong></span> <span class='ocrx_word' id='word_1_85' title='bbox 836 1449 923 1490; x_wconf 90' lang='lat' dir='ltr'><strong>aures</strong></span> <span class='ocrx_word' id='word_1_86' title='bbox 936 1450 1042 1492; x_wconf 88' lang='lat' dir='ltr'><strong>vacuas</strong></span> <span class='ocrx_word' id='word_1_87' title='bbox 1054 1443 1140 1509; x_wconf 91' lang='lat' dir='ltr'><strong>atque</strong></span> <span class='ocrx_word' id='word_1_88' title='bbox 1152 1432 1277 1492; x_wconf 90' lang='lat' dir='ltr'><strong>eruditas</strong></span> <span class='ocrx_word' id='word_1_89' title='bbox 1291 1440 1385 1508; x_wconf 88' lang='lat' dir='ltr'><strong>potest</strong></span> 
     </span>
     <span class='ocr_line' id='line_1_12' title="bbox 446 1526 1385 1607; baseline -0.002 -18"><span class='ocrx_word' id='word_1_90' title='bbox 446 1549 510 1589; x_wconf 90' lang='lat' dir='ltr'><strong>esse</strong></span> <span class='ocrx_word' id='word_1_91' title='bbox 543 1529 704 1607; x_wconf 80' lang='lat' dir='ltr'><strong>perfectius,</strong></span> <span class='ocrx_word' id='word_1_92' title='bbox 732 1526 812 1603; x_wconf 88' lang='lat' dir='ltr'><strong>apud</strong></span> <span class='ocrx_word' id='word_1_93' title='bbox 841 1538 1018 1605; x_wconf 85' lang='lat' dir='ltr'><strong>occupatum</strong></span> <span class='ocrx_word' id='word_1_94' title='bbox 1052 1530 1133 1589; x_wconf 87' lang='lat' dir='ltr'><strong>variis</strong></span> <span class='ocrx_word' id='word_1_95' title='bbox 1164 1529 1385 1606; x_wconf 77' lang='lat' dir='ltr'><strong>cogitationibus</strong></span> 
     </span>
     <span class='ocr_line' id='line_1_13' title="bbox 446 1622 1385 1703; baseline 0 -19"><span class='ocrx_word' id='word_1_96' title='bbox 446 1622 572 1687; x_wconf 86' lang='lat' dir='ltr'><strong>iudicem</strong></span> <span class='ocrx_word' id='word_1_97' title='bbox 584 1638 614 1686; x_wconf 92' lang='lat' dir='ltr'><strong>et</strong></span> <span class='ocrx_word' id='word_1_98' title='bbox 633 1626 751 1701; x_wconf 79' lang='lat' dir='ltr'><strong>saepius</strong></span> <span class='ocrx_word' id='word_1_99' title='bbox 771 1625 943 1683; x_wconf 91' lang='lat' dir='ltr'><strong>ineruditum</strong></span> <span class='ocrx_word' id='word_1_100' title='bbox 960 1627 1101 1702; x_wconf 89' lang='lat' dir='ltr'><strong>captanda</strong></span> <span class='ocrx_word' id='word_1_101' title='bbox 1121 1629 1204 1687; x_wconf 91' lang='lat' dir='ltr'><strong>nobis</strong></span> <span class='ocrx_word' id='word_1_102' title='bbox 1222 1637 1274 1697; x_wconf 89' lang='lat' dir='ltr'><strong>est,</strong></span> <span class='ocrx_word' id='word_1_103' title='bbox 1290 1626 1385 1703; x_wconf 90' lang='lat' dir='ltr'><strong>neque</strong></span> 
     </span>
    </p>

    <p class='ocr_par' dir='ltr' id='par_1_5' title="bbox 378 1722 1439 2177">
     <span class='ocr_line' id='line_1_14' title="bbox 378 1722 1385 1802; baseline 0 -19"><span class='ocrx_word' id='word_1_104' title='bbox 378 1785 386 1801; x_wconf 64' lang='lat'>‚</span> <span class='ocrx_word' id='word_1_105' title='bbox 446 1726 494 1783; x_wconf 92' lang='lat' dir='ltr'><strong>illa</strong></span> <span class='ocrx_word' id='word_1_106' title='bbox 508 1724 570 1783; x_wconf 84' lang='lat' dir='ltr'><strong>Livi</strong></span> <span class='ocrx_word' id='word_1_107' title='bbox 584 1725 676 1783; x_wconf 88' lang='lat' dir='ltr'><strong>lactea</strong></span> <span class='ocrx_word' id='word_1_108' title='bbox 689 1723 806 1781; x_wconf 91' lang='lat' dir='ltr'><strong>ubertas</strong></span> <span class='ocrx_word' id='word_1_109' title='bbox 821 1723 890 1781; x_wconf 90' lang='lat' dir='ltr'><strong>satis</strong></span> <span class='ocrx_word' id='word_1_110' title='bbox 903 1722 1021 1783; x_wconf 80' lang='lat' dir='ltr'><strong>docebit</strong></span> <span class='ocrx_word' id='word_1_111' title='bbox 1034 1744 1101 1783; x_wconf 90' lang='lat' dir='ltr'><strong>eum</strong></span> <span class='ocrx_word' id='word_1_112' title='bbox 1115 1726 1164 1802; x_wconf 90' lang='lat' dir='ltr'><strong>qui</strong></span> <span class='ocrx_word' id='word_1_113' title='bbox 1178 1743 1238 1785; x_wconf 89' lang='lat' dir='ltr'><strong>non</strong></span> <span class='ocrx_word' id='word_1_114' title='bbox 1257 1725 1385 1800; x_wconf 88' lang='lat' dir='ltr'><strong>speciem</strong></span> 
     </span>
     <span class='ocr_line' id='line_1_15' title="bbox 446 1820 1439 1901; baseline 0.001 -20"><span class='ocrx_word' id='word_1_115' title='bbox 446 1822 644 1900; x_wconf 76' lang='lat' dir='ltr'><strong>expositionis,</strong></span> <span class='ocrx_word' id='word_1_116' title='bbox 664 1820 717 1879; x_wconf 88' lang='lat' dir='ltr'><strong>sed</strong></span> <span class='ocrx_word' id='word_1_117' title='bbox 737 1820 825 1879; x_wconf 89' lang='lat' dir='ltr'><strong>tidem</strong></span> <span class='ocrx_word' id='word_1_118' title='bbox 845 1822 964 1897; x_wconf 88' lang='lat' dir='ltr'><strong>quaerit.</strong></span> <span class='ocrx_word' id='word_1_119' title='bbox 1005 1822 1089 1882; x_wconf 88' lang='lat' dir='ltr'><strong>Adde</strong></span> <span class='ocrx_word' id='word_1_120' title='bbox 1109 1823 1188 1901; x_wconf 91' lang='lat' dir='ltr'><strong>quod</strong></span> <span class='ocrx_word' id='word_1_121' title='bbox 1206 1822 1248 1882; x_wconf 90' lang='lat' dir='ltr'><strong>M.</strong></span> <span class='ocrx_word' id='word_1_122' title='bbox 1270 1822 1385 1881; x_wconf 91' lang='lat' dir='ltr'><strong>Tullius</strong></span> <span class='ocrx_word' id='word_1_123' title='bbox 1396 1829 1439 1884; x_wconf 75' lang='grc'><strong>88</strong></span> 
     </span>
     <span class='ocr_line' id='line_1_16' title="bbox 445 1917 1385 1995; baseline 0 -16"><span class='ocrx_word' id='word_1_124' title='bbox 445 1940 484 1979; x_wconf 91' lang='lat' dir='ltr'><strong>ne</strong></span> <span class='ocrx_word' id='word_1_125' title='bbox 505 1917 700 1995; x_wconf 83' lang='lat' dir='ltr'><strong>Thucydiden</strong></span> <span class='ocrx_word' id='word_1_126' title='bbox 721 1919 839 1995; x_wconf 91' lang='lat' dir='ltr'><strong>quidem</strong></span> <span class='ocrx_word' id='word_1_127' title='bbox 859 1930 909 1977; x_wconf 91' lang='lat' dir='ltr'><strong>aut</strong></span> <span class='ocrx_word' id='word_1_128' title='bbox 930 1918 1153 1995; x_wconf 86' lang='lat' dir='ltr'><strong>Xenophontem</strong></span> <span class='ocrx_word' id='word_1_129' title='bbox 1174 1922 1256 1981; x_wconf 89' lang='lat' dir='ltr'><strong>utiles</strong></span> <span class='ocrx_word' id='word_1_130' title='bbox 1279 1922 1385 1979; x_wconf 88' lang='lat' dir='ltr'><strong>oratori</strong></span> 
     </span>
     <span class='ocr_line' id='line_1_17' title="bbox 446 2011 1386 2097; baseline -0.001 -19"><span class='ocrx_word' id='word_1_131' title='bbox 446 2011 535 2097; x_wconf 80' lang='lat' dir='ltr'><strong>putat,</strong></span> <span class='ocrx_word' id='word_1_132' title='bbox 559 2034 740 2095; x_wconf 89' lang='lat' dir='ltr'><strong>quamquam</strong></span> <span class='ocrx_word' id='word_1_133' title='bbox 766 2017 846 2075; x_wconf 91' lang='lat' dir='ltr'><strong>illum</strong></span> <span class='ocrx_word' id='word_1_134' title='bbox 877 2017 1031 2081; x_wconf 88' lang='lat' dir='ltr'><strong>‘bellicum</strong></span> <span class='ocrx_word' id='word_1_135' title='bbox 1057 2019 1178 2091; x_wconf 86' lang='lat' dir='ltr'><strong>canere,’</strong></span> <span class='ocrx_word' id='word_1_136' title='bbox 1205 2019 1289 2079; x_wconf 91' lang='lat' dir='ltr'><strong>huius</strong></span> <span class='ocrx_word' id='word_1_137' title='bbox 1316 2024 1386 2079; x_wconf 91' lang='lat' dir='ltr'><strong>‘ore</strong></span> 
     </span>
     <span class='ocr_line' id='line_1_18' title="bbox 446 2113 1386 2177; baseline -0.003 0"><span class='ocrx_word' id='word_1_138' title='bbox 446 2118 550 2177; x_wconf 88' lang='lat' dir='ltr'><strong>Musas</strong></span> <span class='ocrx_word' id='word_1_139' title='bbox 576 2134 640 2175; x_wconf 90' lang='lat' dir='ltr'><strong>esse</strong></span> <span class='ocrx_word' id='word_1_140' title='bbox 667 2113 793 2175; x_wconf 86' lang='lat' dir='ltr'><strong>locutas’</strong></span> <span class='ocrx_word' id='word_1_141' title='bbox 821 2116 973 2175; x_wconf 81' lang='lat' dir='ltr'><strong>existimet</strong></span> <span class='ocrx_word' id='word_1_142' title='bbox 1014 2115 1096 2175; x_wconf 89' lang='lat' dir='ltr'><strong>Licet</strong></span> <span class='ocrx_word' id='word_1_143' title='bbox 1119 2130 1216 2177; x_wconf 84' lang='lat' dir='ltr'><strong>tamen</strong></span> <span class='ocrx_word' id='word_1_144' title='bbox 1243 2118 1327 2177; x_wconf 92' lang='lat' dir='ltr'><strong>nobis</strong></span> <span class='ocrx_word' id='word_1_145' title='bbox 1355 2119 1386 2175; x_wconf 90' lang='lat' dir='ltr'><strong>in</strong></span> 
     </span>
    </p>

    <p class='ocr_par' dir='ltr' id='par_1_6' title="bbox 354 2201 1539 3574">
     <span class='ocr_line' id='line_1_19' title="bbox 416 2201 1385 2293; baseline -0.001 -17"><span class='ocrx_word' id='word_1_146' title='bbox 416 2261 419 2265; x_wconf 23' lang='grc' dir='ltr'>ι</span> <span class='ocrx_word' id='word_1_147' title='bbox 446 2216 672 2293; x_wconf 84' lang='lat' dir='ltr'><strong>digressionibus</strong></span> <span class='ocrx_word' id='word_1_148' title='bbox 686 2216 728 2273; x_wconf 92' lang='lat' dir='ltr'><strong>nti</strong></span> <span class='ocrx_word' id='word_1_149' title='bbox 745 2214 790 2273; x_wconf 85' lang='lat' dir='ltr'><strong>vel</strong></span> <span class='ocrx_word' id='word_1_150' title='bbox 811 2201 946 2273; x_wconf 86' lang='lat' dir='ltr'><strong>historico</strong></span> <span class='ocrx_word' id='word_1_151' title='bbox 963 2232 1182 2293; x_wconf 85' lang='lat' dir='ltr'><strong>nonnumquam</strong></span> <span class='ocrx_word' id='word_1_152' title='bbox 1201 2218 1299 2288; x_wconf 88' lang='lat' dir='ltr'><strong>nitore,</strong></span> <span class='ocrx_word' id='word_1_153' title='bbox 1314 2216 1385 2275; x_wconf 90' lang='lat' dir='ltr'><strong>dum</strong></span> 
     </span>
     <span class='ocr_line' id='line_1_20' title="bbox 445 2313 1385 2391; baseline -0.002 -17"><span class='ocrx_word' id='word_1_154' title='bbox 445 2316 476 2374; x_wconf 91' lang='lat' dir='ltr'><strong>in</strong></span> <span class='ocrx_word' id='word_1_155' title='bbox 484 2316 529 2375; x_wconf 87' lang='lat' dir='ltr'><strong>his</strong></span> <span class='ocrx_word' id='word_1_156' title='bbox 542 2314 700 2391; x_wconf 88' lang='lat' dir='ltr'><strong>dequibus</strong></span> <span class='ocrx_word' id='word_1_157' title='bbox 714 2313 768 2371; x_wconf 92' lang='lat' dir='ltr'><strong>erit</strong></span> <span class='ocrx_word' id='word_1_158' title='bbox 775 2313 907 2388; x_wconf 87' lang='lat' dir='ltr'><strong>quaestio</strong></span> <span class='ocrx_word' id='word_1_159' title='bbox 921 2313 1134 2373; x_wconf 88' lang='lat' dir='ltr'><strong>meminerimus</strong></span> <span class='ocrx_word' id='word_1_160' title='bbox 1144 2332 1203 2375; x_wconf 92' lang='lat' dir='ltr'><strong>non</strong></span> <span class='ocrx_word' id='word_1_161' title='bbox 1216 2313 1385 2373; x_wconf 87' lang='lat' dir='ltr'><strong>athletarum</strong></span> 
     </span>
     <span class='ocr_line' id='line_1_21' title="bbox 444 2410 1539 2493; baseline -0.003 -20"><span class='ocrx_word' id='word_1_162' title='bbox 444 2412 585 2485; x_wconf 89' lang='lat' dir='ltr'><strong>toris,sed</strong></span> <span class='ocrx_word' id='word_1_163' title='bbox 595 2411 718 2469; x_wconf 89' lang='lat' dir='ltr'><strong>militnm</strong></span> <span class='ocrx_word' id='word_1_164' title='bbox 728 2410 842 2469; x_wconf 88' lang='lat' dir='ltr'><strong>lacertis</strong></span> <span class='ocrx_word' id='word_1_165' title='bbox 857 2427 933 2487; x_wconf 91' lang='lat' dir='ltr'><strong>opus</strong></span> <span class='ocrx_word' id='word_1_166' title='bbox 947 2429 1020 2483; x_wconf 89' lang='lat' dir='ltr'><strong>esse,</strong></span> <span class='ocrx_word' id='word_1_167' title='bbox 1030 2430 1084 2471; x_wconf 89' lang='lat' dir='ltr'><strong>nec</strong></span> <span class='ocrx_word' id='word_1_168' title='bbox 1093 2413 1290 2473; x_wconf 87' lang='lat' dir='ltr'><strong>versicolorem</strong></span> <span class='ocrx_word' id='word_1_169' title='bbox 1299 2412 1385 2483; x_wconf 90' lang='lat' dir='ltr'><strong>illam,</strong></span> <span class='ocrx_word' id='word_1_170' title='bbox 1535 2478 1539 2493; x_wconf 38' lang='grc'>1</span> 
     </span>
     <span class='ocr_line' id='line_1_22' title="bbox 445 2508 1450 2590; baseline -0.002 -19"><span class='ocrx_word' id='word_1_171' title='bbox 445 2531 504 2590; x_wconf 90' lang='lat' dir='ltr'><strong>qna</strong></span> <span class='ocrx_word' id='word_1_172' title='bbox 525 2510 689 2571; x_wconf 87' lang='lat' dir='ltr'><strong>Demetrius</strong></span> <span class='ocrx_word' id='word_1_173' title='bbox 713 2508 868 2568; x_wconf 89' lang='lat' dir='ltr'><strong>Phalereus</strong></span> <span class='ocrx_word' id='word_1_174' title='bbox 887 2509 1035 2569; x_wconf 85' lang='lat' dir='ltr'><strong>dicebatur</strong></span> <span class='ocrx_word' id='word_1_175' title='bbox 1055 2512 1105 2582; x_wconf 88' lang='lat' dir='ltr'><strong>uti,</strong></span> <span class='ocrx_word' id='word_1_176' title='bbox 1125 2522 1233 2571; x_wconf 87' lang='lat' dir='ltr'><strong>vestem</strong></span> <span class='ocrx_word' id='word_1_177' title='bbox 1254 2512 1328 2571; x_wconf 91' lang='lat' dir='ltr'><strong>bene</strong></span> <span class='ocrx_word' id='word_1_178' title='bbox 1348 2510 1386 2569; x_wconf 85' lang='lat' dir='ltr'><strong>ad</strong></span> <span class='ocrx_word' id='word_1_179' title='bbox 1446 2508 1450 2515; x_wconf 88' lang='lat'>&#39;</span> 
     </span>
     <span class='ocr_line' id='line_1_23' title="bbox 444 2607 1441 2685; baseline -0.007 -15"><span class='ocrx_word' id='word_1_180' title='bbox 444 2611 601 2670; x_wconf 76' lang='lat' dir='ltr'><strong>forensem</strong></span> <span class='ocrx_word' id='word_1_181' title='bbox 610 2608 757 2685; x_wconf 88' lang='lat' dir='ltr'><strong>pulverem</strong></span> <span class='ocrx_word' id='word_1_182' title='bbox 771 2607 875 2667; x_wconf 79' lang='lat' dir='ltr'><strong>lacere.</strong></span> <span class='ocrx_word' id='word_1_183' title='bbox 917 2607 971 2665; x_wconf 90' lang='lat' dir='ltr'><strong>Est</strong></span> <span class='ocrx_word' id='word_1_184' title='bbox 984 2620 1013 2668; x_wconf 91' lang='lat' dir='ltr'><strong>et</strong></span> <span class='ocrx_word' id='word_1_185' title='bbox 1032 2609 1104 2668; x_wconf 88' lang='lat' dir='ltr'><strong>alius</strong></span> <span class='ocrx_word' id='word_1_186' title='bbox 1123 2628 1160 2669; x_wconf 85' lang='lat' dir='ltr'><strong>ex</strong></span> <span class='ocrx_word' id='word_1_187' title='bbox 1179 2608 1302 2669; x_wconf 88' lang='lat' dir='ltr'><strong>historiis</strong></span> <span class='ocrx_word' id='word_1_188' title='bbox 1315 2626 1385 2668; x_wconf 89' lang='lat' dir='ltr'><strong>usus</strong></span> <span class='ocrx_word' id='word_1_189' title='bbox 1398 2609 1441 2663; x_wconf 75' lang='lat'><strong>84</strong></span> 
     </span>
     <span class='ocr_line' id='line_1_24' title="bbox 357 2705 1386 2784; baseline -0.003 -15"><span class='ocrx_word' id='word_1_190' title='bbox 357 2732 362 2759; x_wconf 69' lang='lat'><strong>2·</strong></span> <span class='ocrx_word' id='word_1_191' title='bbox 443 2720 474 2769; x_wconf 91' lang='lat' dir='ltr'><strong>et</strong></span> <span class='ocrx_word' id='word_1_192' title='bbox 487 2710 512 2767; x_wconf 91' lang='lat' dir='ltr'><strong>is</strong></span> <span class='ocrx_word' id='word_1_193' title='bbox 527 2706 646 2784; x_wconf 92' lang='lat' dir='ltr'><strong>quidem</strong></span> <span class='ocrx_word' id='word_1_194' title='bbox 666 2707 819 2776; x_wconf 85' lang='lat' dir='ltr'><strong>maximus,</strong></span> <span class='ocrx_word' id='word_1_195' title='bbox 837 2705 891 2766; x_wconf 87' lang='lat' dir='ltr'><strong>sed</strong></span> <span class='ocrx_word' id='word_1_196' title='bbox 909 2724 970 2766; x_wconf 90' lang='lat' dir='ltr'><strong>non</strong></span> <span class='ocrx_word' id='word_1_197' title='bbox 989 2707 1026 2765; x_wconf 87' lang='lat' dir='ltr'><strong>ad</strong></span> <span class='ocrx_word' id='word_1_198' title='bbox 1041 2718 1220 2784; x_wconf 87' lang='lat' dir='ltr'><strong>praesentem</strong></span> <span class='ocrx_word' id='word_1_199' title='bbox 1240 2708 1386 2784; x_wconf 85' lang='lat' dir='ltr'><strong>pertinens</strong></span> 
     </span>
     <span class='ocr_line' id='line_1_25' title="bbox 444 2790 1388 2883; baseline -0.003 -17"><span class='ocrx_word' id='word_1_200' title='bbox 444 2806 551 2878; x_wconf 71' lang='lat' dir='ltr'><strong>locum</strong></span> <span class='ocrx_word' id='word_1_201' title='bbox 573 2823 612 2865; x_wconf 80' lang='lat' dir='ltr'><strong>ex</strong></span> <span class='ocrx_word' id='word_1_202' title='bbox 633 2805 801 2881; x_wconf 80' lang='lat' dir='ltr'><strong>cognitione</strong></span> <span class='ocrx_word' id='word_1_203' title='bbox 825 2822 922 2863; x_wconf 91' lang='lat' dir='ltr'><strong>rerum</strong></span> <span class='ocrx_word' id='word_1_204' title='bbox 942 2806 1209 2883; x_wconf 87' lang='lat' dir='ltr'><strong>exemplommque,</strong></span> <span class='ocrx_word' id='word_1_205' title='bbox 1230 2790 1388 2883; x_wconf 78' lang='lat' dir='ltr'><strong>quibusin</strong></span> 
     </span>
     <span class='ocr_line' id='line_1_26' title="bbox 444 2902 1388 2983; baseline -0.002 -19"><span class='ocrx_word' id='word_1_206' title='bbox 444 2904 545 2983; x_wconf 90' lang='lat' dir='ltr'><strong>primis</strong></span> <span class='ocrx_word' id='word_1_207' title='bbox 563 2903 721 2963; x_wconf 86' lang='lat' dir='ltr'><strong>instructus</strong></span> <span class='ocrx_word' id='word_1_208' title='bbox 740 2920 804 2966; x_wconf 84' lang='lat' dir='ltr'><strong>esse</strong></span> <span class='ocrx_word' id='word_1_209' title='bbox 824 2902 912 2963; x_wconf 90' lang='lat' dir='ltr'><strong>debet</strong></span> <span class='ocrx_word' id='word_1_210' title='bbox 930 2912 1037 2974; x_wconf 91' lang='lat' dir='ltr'><strong>orator,</strong></span> <span class='ocrx_word' id='word_1_211' title='bbox 1052 2922 1089 2963; x_wconf 89' lang='lat' dir='ltr'><strong>ne</strong></span> <span class='ocrx_word' id='word_1_212' title='bbox 1108 2905 1207 2964; x_wconf 90' lang='lat' dir='ltr'><strong>omnia</strong></span> <span class='ocrx_word' id='word_1_213' title='bbox 1224 2903 1388 2963; x_wconf 89' lang='lat' dir='ltr'><strong>testimonia</strong></span> 
     </span>
     <span class='ocr_line' id='line_1_27' title="bbox 365 3000 1387 3081; baseline -0.003 -18"><span class='ocrx_word' id='word_1_214' title='bbox 365 3000 370 3046; x_wconf 59' lang='grc' dir='ltr'>ἕ</span> <span class='ocrx_word' id='word_1_215' title='bbox 442 3014 591 3081; x_wconf 87' lang='lat' dir='ltr'><strong>exspectet</strong></span> <span class='ocrx_word' id='word_1_216' title='bbox 604 3002 624 3062; x_wconf 85' lang='lat' dir='ltr'><strong>a</strong></span> <span class='ocrx_word' id='word_1_217' title='bbox 637 3001 787 3078; x_wconf 79' lang='lat' dir='ltr'><strong>litigatore,</strong></span> <span class='ocrx_word' id='word_1_218' title='bbox 801 3000 854 3061; x_wconf 87' lang='lat' dir='ltr'><strong>sed</strong></span> <span class='ocrx_word' id='word_1_219' title='bbox 867 3000 1002 3078; x_wconf 84' lang='lat' dir='ltr'><strong>pleraque</strong></span> <span class='ocrx_word' id='word_1_220' title='bbox 1023 3020 1060 3061; x_wconf 81' lang='lat' dir='ltr'><strong>ex</strong></span> <span class='ocrx_word' id='word_1_221' title='bbox 1078 3012 1215 3061; x_wconf 85' lang='lat' dir='ltr'><strong>vetustate</strong></span> <span class='ocrx_word' id='word_1_222' title='bbox 1236 3000 1387 3077; x_wconf 85' lang='lat' dir='ltr'><strong>diligenter</strong></span> 
     </span>
     <span class='ocr_line' id='line_1_28' title="bbox 357 3050 1387 3177; baseline -0.002 -15.97"><span class='ocrx_word' id='word_1_223' title='bbox 357 3118 385 3167; x_wconf 86' lang='grc' dir='ltr'>ι</span> <span class='ocrx_word' id='word_1_224' title='bbox 361 3050 405 3174; x_wconf 63' lang='lat' dir='ltr'><strong>ll</strong></span> <span class='ocrx_word' id='word_1_225' title='bbox 442 3103 497 3161; x_wconf 90' lang='lat' dir='ltr'><strong>sibi</strong></span> <span class='ocrx_word' id='word_1_226' title='bbox 511 3102 742 3177; x_wconf 71' lang='lat' dir='ltr'><strong>oogmtammm,</strong></span> <span class='ocrx_word' id='word_1_227' title='bbox 753 3098 809 3159; x_wconf 87' lang='lat' dir='ltr'><strong>hoc</strong></span> <span class='ocrx_word' id='word_1_228' title='bbox 819 3098 991 3175; x_wconf 88' lang='lat' dir='ltr'><strong>potentiora,</strong></span> <span class='ocrx_word' id='word_1_229' title='bbox 1002 3100 1082 3175; x_wconf 93' lang='lat' dir='ltr'><strong>quod</strong></span> <span class='ocrx_word' id='word_1_230' title='bbox 1096 3116 1131 3159; x_wconf 90' lang='lat' dir='ltr'><strong>ea</strong></span> <span class='ocrx_word' id='word_1_231' title='bbox 1147 3098 1208 3159; x_wconf 86' lang='lat' dir='ltr'><strong>sola</strong></span> <span class='ocrx_word' id='word_1_232' title='bbox 1220 3099 1387 3161; x_wconf 86' lang='lat' dir='ltr'><strong>criminibus</strong></span> 
     </span>
     <span class='ocr_line' id='line_1_29' title="bbox 356 3198 794 3284; baseline -0.009 -24"><span class='ocrx_word' id='word_1_233' title='bbox 356 3268 364 3284; x_wconf 75' lang='lat'><em>‚</em></span> <span class='ocrx_word' id='word_1_234' title='bbox 441 3200 503 3260; x_wconf 92' lang='lat' dir='ltr'><strong>odii</strong></span> <span class='ocrx_word' id='word_1_235' title='bbox 516 3198 669 3275; x_wconf 76' lang='lat' dir='ltr'><strong>engratiae</strong></span> <span class='ocrx_word' id='word_1_236' title='bbox 682 3208 794 3257; x_wconf 83' lang='lat' dir='ltr'><strong>vacant</strong></span> 
     </span>
     <span class='ocr_line' id='line_1_30' title="bbox 370 3294 1439 3374; baseline 0.002 -19"><span class='ocrx_word' id='word_1_237' title='bbox 370 3350 377 3361; x_wconf 87' lang='grc'>,</span> <span class='ocrx_word' id='word_1_238' title='bbox 472 3298 514 3357; x_wconf 73' lang='lat' dir='ltr'><strong>*A</strong></span> <span class='ocrx_word' id='word_1_239' title='bbox 532 3295 775 3374; x_wconf 88' lang='lat' dir='ltr'><strong>pbilosophorum</strong></span> <span class='ocrx_word' id='word_1_240' title='bbox 794 3314 863 3357; x_wconf 83' lang='lat' dir='ltr'><strong>vero</strong></span> <span class='ocrx_word' id='word_1_241' title='bbox 883 3294 1006 3357; x_wconf 88' lang='lat' dir='ltr'><strong>lectione</strong></span> <span class='ocrx_word' id='word_1_242' title='bbox 1026 3308 1057 3355; x_wconf 91' lang='lat' dir='ltr'><strong>nt</strong></span> <span class='ocrx_word' id='word_1_243' title='bbox 1077 3307 1173 3357; x_wconf 83' lang='lat' dir='ltr'><strong>essent</strong></span> <span class='ocrx_word' id='word_1_244' title='bbox 1189 3296 1280 3356; x_wconf 89' lang='lat' dir='ltr'><strong>multa</strong></span> <span class='ocrx_word' id='word_1_245' title='bbox 1299 3296 1439 3357; x_wconf 69' lang='lat' dir='ltr'><strong>nobisttl</strong></span> 
     </span>
     <span class='ocr_line' id='line_1_31' title="bbox 354 3363 1470 3475; baseline -0.001 -21"><span class='ocrx_word' id='word_1_246' title='bbox 354 3411 365 3432; x_wconf 72' lang='lat'><strong>⁴·</strong></span> <span class='ocrx_word' id='word_1_247' title='bbox 441 3363 991 3475; x_wconf 61' lang='lat' dir='ltr'><strong>petendahritioiactumestoratomm</strong></span> <span class='ocrx_word' id='word_1_248' title='bbox 993 3412 1065 3471; x_wconf 88' lang='lat' dir='ltr'><strong>,qm</strong></span> <span class='ocrx_word' id='word_1_249' title='bbox 1056 3393 1195 3471; x_wconf 88' lang='lat' dir='ltr'><strong>quidem</strong></span> <span class='ocrx_word' id='word_1_250' title='bbox 1208 3394 1262 3453; x_wconf 91' lang='lat' dir='ltr'><strong>illis</strong></span> <span class='ocrx_word' id='word_1_251' title='bbox 1275 3392 1386 3470; x_wconf 86' lang='lat' dir='ltr'><strong>optima</strong></span> <span class='ocrx_word' id='word_1_252' title='bbox 1467 3381 1470 3388; x_wconf 66' lang='grc'><strong>’</strong></span> 
     </span>
     <span class='ocr_line' id='line_1_32' title="bbox 367 3489 1385 3574; baseline -0.003 -22"><span class='ocrx_word' id='word_1_253' title='bbox 367 3568 370 3574; x_wconf 25' lang='lat'>¹</span> <span class='ocrx_word' id='word_1_254' title='bbox 442 3493 487 3553; x_wconf 86' lang='lat' dir='ltr'><strong>sui</strong></span> <span class='ocrx_word' id='word_1_255' title='bbox 510 3491 608 3569; x_wconf 83' lang='lat' dir='ltr'><strong>operis</strong></span> <span class='ocrx_word' id='word_1_256' title='bbox 628 3501 711 3569; x_wconf 82' lang='lat' dir='ltr'><strong>parte</strong></span> <span class='ocrx_word' id='word_1_257' title='bbox 734 3500 890 3551; x_wconf 74' lang='lat' dir='ltr'><strong>oeeserunt.</strong></span> <span class='ocrx_word' id='word_1_258' title='bbox 932 3489 1011 3550; x_wconf 87' lang='lat' dir='ltr'><strong>Nam</strong></span> <span class='ocrx_word' id='word_1_259' title='bbox 1032 3502 1062 3551; x_wconf 88' lang='lat' dir='ltr'><strong>et</strong></span> <span class='ocrx_word' id='word_1_260' title='bbox 1081 3491 1117 3550; x_wconf 93' lang='lat' dir='ltr'><strong>de</strong></span> <span class='ocrx_word' id='word_1_261' title='bbox 1137 3492 1227 3560; x_wconf 86' lang='lat' dir='ltr'><strong>iustis,</strong></span> <span class='ocrx_word' id='word_1_262' title='bbox 1248 3490 1385 3559; x_wconf 82' lang='lat' dir='ltr'><strong>honestis,</strong></span> 
     </span>
    </p>
   </div>
   <div class='ocr_carea' id='block_1_3' title="bbox 371 3577 1385 3671">
    <p class='ocr_par' dir='ltr' id='par_1_7' title="bbox 371 3577 1385 3671">
     <span class='ocr_line' id='line_1_33' title="bbox 371 3577 1385 3671; baseline -0.004 -20"><span class='ocrx_word' id='word_1_263' title='bbox 371 3586 375 3598; x_wconf 76' lang='lat'>‘</span> <span class='ocrx_word' id='word_1_264' title='bbox 432 3577 590 3650; x_wconf 81' lang='lat' dir='ltr'><strong>·ntilibna”</strong></span> <span class='ocrx_word' id='word_1_265' title='bbox 571 3606 665 3667; x_wconf 87' lang='lat' dir='ltr'><strong>usqne</strong></span> <span class='ocrx_word' id='word_1_266' title='bbox 677 3606 756 3666; x_wconf 89' lang='lat' dir='ltr'><strong>quae</strong></span> <span class='ocrx_word' id='word_1_267' title='bbox 769 3599 839 3649; x_wconf 86' lang='lat' dir='ltr'><strong>sunt</strong></span> <span class='ocrx_word' id='word_1_268' title='bbox 850 3589 911 3649; x_wconf 89' lang='lat' dir='ltr'><strong>istis</strong></span> <span class='ocrx_word' id='word_1_269' title='bbox 924 3588 1076 3660; x_wconf 80' lang='lat' dir='ltr'><strong>contraria,</strong></span> <span class='ocrx_word' id='word_1_270' title='bbox 1089 3599 1118 3649; x_wconf 88' lang='lat' dir='ltr'><strong>et</strong></span> <span class='ocrx_word' id='word_1_271' title='bbox 1131 3588 1169 3658; x_wconf 88' lang='lat' dir='ltr'><strong>de</strong></span> <span class='ocrx_word' id='word_1_272' title='bbox 1184 3591 1269 3671; x_wconf 80' lang='lat' dir='ltr'><strong>rebus</strong></span> <span class='ocrx_word' id='word_1_273' title='bbox 1281 3588 1385 3649; x_wconf 79' lang='lat' dir='ltr'><strong>dirime</strong></span> 
     </span>
    </p>
   </div>
   <div class='ocr_carea' id='block_1_4' title="bbox 0 0 1810 4359">
    <p class='ocr_par' dir='ltr' id='par_1_8' title="bbox 0 0 1810 4359">
     <span class='ocr_line' id='line_1_34' title="bbox 0 0 1810 4359; baseline 0 1"><span class='ocrx_word' id='word_1_274' title='bbox 0 0 1810 4359; x_wconf 95' lang='lat' dir='ltr'><strong> </strong></span> 
     </span>
    </p>
   </div>
  </div>
 </body>
</html>
