3609 4359
349 385 389 446 34
550 375 819 423 insusurratio
840 373 1055 423 or‘AronrAs
1152 369 1210 433 [111.
1226 385 1265 436 ις.
1351 355 1357 488 p
1624 275 1628 553 1

347 532 468 606 gentiam
489 529 602 599 damno,
624 529 748 607 quidde
771 529 823 588 illis
849 529 973 589 dictandi
997 529 1104 589 deliciis
1133 529 1266 588 sentiam
1346 507 1355 584 ἶ

350 628 423 687 Nam
443 630 473 686 in
491 629 554 688 stilo
577 629 688 705 quidem
713 628 863 706 quamlibet
888 638 1042 704 properato
1067 627 1116 685 dat
1139 627 1265 703 aliquam
1353 692 1355 698 ἲ

334 728 505 803 'cogitationi
541 745 648 786 moratu
684 744 741 784 non
776 742 955 802 consequens
994 725 1166 784 celeritatem
1203 725 1265 780 eius
1353 718 1356 760 ³

181 849 220 968 ὃ
347 844 460 884 manus:
487 826 530 885 ille
557 827 601 884 cui
628 825 762 882 dictamus
793 836 883 898 urget,
911 833 997 898 atque
1032 823 1144 881 interim
1176 821 1265 898 pudet
1352 824 1355 850 ¹

178 949 185 1015 ι
347 924 429 980 etiarn
450 923 574 982 dubitare
595 935 642 979 aut
663 923 789 979 resistere
812 930 860 976 aut
879 928 990 978 mutare
1010 922 1091 996 quasi
1113 919 1263 979 conscium

292 1028 335 1084 20
347 1020 510 1079 infirmitatis
522 1033 632 1079 nostrae
646 1020 782 1077 timentes.
823 1016 891 1088 Quo
901 1016 932 1074 fit
941 1027 972 1074 ut
987 1035 1046 1076 non
1056 1018 1138 1076 rudia
1152 1027 1265 1075 tanturn

345 1130 374 1176 et
386 1117 504 1189 fortuita,
517 1117 566 1176 sed
579 1117 729 1194 impropria
741 1116 860 1185 interim,
874 1115 943 1172 dum
957 1114 1018 1173 sola
1036 1126 1079 1173 est
1093 1113 1264 1174 conectendi
1290 1169 1295 1181 ,
1352 1159 1355 1194 3

344 1217 481 1275 sermonis
496 1215 642 1294 cupiditas,
659 1214 779 1284 effluant,
794 1230 867 1289 quae
885 1229 940 1271 uec
958 1211 1142 1270 scribentium
1163 1229 1264 1270 curam
1354 1283 1355 1288 ἵ

344 1331 396 1371 nec
416 1314 566 1372 dicentium
583 1313 718 1389 impetum
736 1320 952 1388 consequantur.
993 1309 1129 1369 aridem
1148 1309 1195 1368 ille
1214 1309 1264 1386 qui

343 1412 454 1487 excipit,
467 1413 491 1469 si
503 1398 605 1469 tardior
617 1412 646 1467 in
659 1409 808 1469 scribendo
814 1420 865 1470 ,aut
878 1408 1013 1467 incertior
1026 1408 1056 1465 in
1071 1405 1265 1482 intellegendo
1323 1455 1327 1461 .
1343 1399 1349 1442 ¹

345 1507 417 1565 velut
436 1508 585 1568 offensator
603 1506 660 1578 init,
679 1507 819 1566 inhibetur
838 1523 946 1578 cursus,
967 1517 1053 1582 atque
1074 1505 1169 1563 omnis
1188 1522 1264 1583 quae

344 1615 403 1664 erat
416 1619 550 1681 concepta
563 1606 665 1663 mentis
682 1605 799 1663 intentio
812 1623 894 1678 mora
913 1615 942 1664 et
960 1602 1102 1662 interdum
1117 1602 1264 1661 iracundia

298 1702 487 1762 alucutitur.
527 1701 606 1760 Turn
632 1692 699 1772 illa'
713 1720 784 1780 quae
811 1702 938 1762 altiorem
961 1701 1049 1760 animi
1077 1711 1191 1760 motum
1218 1719 1263 1760 se·

344 1807 467 1875 quuntur
485 1816 612 1875 quaeque
631 1799 692 1875 ipsa
711 1801 837 1857 animum
856 1800 984 1876 quodam
1005 1798 1093 1857 modo
1108 1799 1262 1870 concitant,

344 1912 463 1972 quorum
481 1909 524 1954 est
543 1897 644 1955 iactare
662 1915 785 1969 manum,
805 1908 935 1974 torquere
955 1896 1074 1968 vultum,
1092 1897 1216 1956 frontem
1234 1905 1264 1954 et

345 1994 416 2052 latus
430 1994 537 2052 interim
551 1995 706 2070 obiurgare,
715 2013 842 2071 quaeque
854 1994 967 2053 Persius
981 2004 1072 2068 notat,
1083 2012 1150 2055 cum
1164 1994 1263 2054 leviter
1331 2037 1342 2064 a

345 2092 454 2152 dicendi
466 2111 555 2170 genus
568 2093 713 2168 significat,
727 2097 795 2151 ‘nec
808 2092 954 2169 pluteum,’
965 2093 1065 2170 inquit,
1081 2092 1193 2152 ‘caedit
1206 2109 1263 2150 nec

345 2190 488 2249 demorsos
500 2191 572 2267 sapit
590 2188 714 2267 ungues‚'
728 2192 812 2249 etiam
828 2190 944 2249 ridicula
966 2199 1039 2262 sunt,
1056 2190 1111 2249 nisi
1127 2208 1194 2250 curu
1208 2189 1263 2248 soli
1326 2215 1328 2218 ·

293 2291 335 2344 22
346 2306 448 2346 sumus.
488 2287 616 2364 Denique
629 2301 660 2347 ut
672 2288 757 2346 semel
766 2288 843 2364 quod
856 2299 896 2347 est
911 2288 1142 2365 potentissimum
1156 2287 1263 2361 dicatu,

345 2395 480 2443 secretum
493 2386 667 2445 indictando
679 2387 760 2462 perit.
800 2387 894 2464 Atque
903 2386 1026 2445 liberum
1041 2386 1151 2444 arbitris
1164 2385 1263 2445 locum

343 2495 372 2541 et
389 2500 476 2558 quam
495 2483 657 2542 altissimum
677 2483 815 2542 silentium
835 2484 1024 2543 scribentibus
1045 2484 1170 2542 maxime
1191 2502 1262 2544 con·
1347 2471 1354 2518 ἶ

343 2582 434 2639 venire
455 2599 539 2641 nemo
561 2582 739 2640 dubitaverit:
765 2599 825 2640 non
846 2591 940 2640 tamen
969 2582 1099 2659 protinus
1126 2580 1262 2640 audiendi
1352 2619 1356 2710 ι

344 2679 391 2755 qui
403 2679 518 2738 creduut
534 2679 677 2756 aptissima
694 2680 724 2737 in
744 2679 799 2738 hoe
814 2697 932 2739 nemora
951 2680 1102 2757 silvasque,
1116 2680 1197 2758 quod
1214 2677 1262 2738 illa

344 2777 412 2835 meti
425 2776 535 2836 libertas
553 2778 735 2855 locorumque
751 2779 909 2837 amoenitas
922 2778 1074 2836 sublimem
1088 2779 1219 2837 animum
1233 2786 1319 2838 etr
1312 2809 1342 2875 *i

344 2875 493 2933 beatiorem
505 2876 631 2952 spiritum
638 2887 744 2952 parent
785 2873 856 2933 Mihi
864 2884 939 2934 certe
949 2874 1092 2934 iucundus
1107 2875 1153 2934 hic
1168 2875 1262 2952 magis
1339 2879 1346 2896 ’

326 2987 428 3051 ‘quam
440 2974 591 3032 studiorum
610 2973 734 3057 hortator
746 2972 854 3031 ridetur
864 2989 927 3031 esse
944 2969 1083 3031 secessus.
1124 2970 1261 3060 Namque

178 2879 396 3186 yffi&
409 3090 483 3148 quae
495 3072 556 3148 ipsa
569 3071 717 3142 delectant,
730 3087 847 3131 necesse
859 3079 903 3129 est
917 3079 1038 3128 avooent
1051 3069 1091 3128 ab
1103 3070 1345 3163 intentionen

262 3219 268 3229 .
289 3167 293 3175 ’
342 3170 434 3246 operis
446 3168 599 3228 destinati·
619 3167 721 3246 Neque
733 3169 810 3227 euim
822 3185 854 3227 se
866 3168 945 3240 bona
958 3166 1016 3225 tide
1029 3165 1059 3224 in
1073 3165 1163 3226 multa
1177 3108 1345 3226 simulD

178 3187 222 3342 ξ
343 3265 484 3326 intendere
506 3267 616 3355 animus
636 3277 726 3326 toturn
750 3275 852 3344 potest,
873 3275 902 3324 et
923 3280 1097 3343 quocunque
1126 3264 1260 3341 respexit,

290 3362 472 3422 “desiuit
463 3366 561 3424 tutueri
587 3364 665 3441 quod
691 3365 865 3441 propositum
891 3371 960 3422 erat.
991 3361 1100 3434 Quare
1126 3361 1260 3420 silvarum

343 3463 497 3522 amoenitas
508 3475 536 3523 et
550 3462 781 3540 praeterlabentia
796 3461 916 3520 flumina
933 3469 962 3520 et
976 3459 1153 3536 inspirantes
1173 3460 1261 3518 ramis
1351 3417 1355 3480 J

240 3544 244 3550 ⁵
343 3561 576 3621 arborumaurae
597 3559 1039 3640 volucrumquecautusetipsa
1059 3555 1260 3617 lutecircum-
1326 3505 1354 3668 ,Ξ

1351 3651 1354 3808 l
