3609 4359
338 389 373 429 lc
534 382 808 430 [instrvrlon'ls
829 381 1043 431 ORATORIAE
1162 379 1195 443 [l.
1209 392 1251 445 47.
1337 452 1340 461 ι

331 538 479 597 latiooihts
497 550 612 611 taceam,
632 558 727 598 nonne
747 539 790 610 vel
811 558 904 599 nonus
923 540 1001 613 liber,
1021 559 1081 618 quo
1105 541 1192 601 missa
1215 540 1254 600 sd
1314 516 1336 575 ‘s

332 634 459 695 Achillen
477 636 580 713 legatio
599 638 767 707 continetur,
782 638 825 695 vel
843 638 873 696 in
894 640 988 714 primo
1005 639 1079 717 inter
1100 638 1188 699 duces
1207 639 1254 697 illa
1326 685 1334 717 ,.

332 735 475 793 contentio
496 735 541 793 vel
561 735 650 793 dictae
670 736 699 793 in
719 736 847 794 secundo
867 738 1023 795 sententiae
1041 755 1144 796 ornnes
1162 738 1253 795 litium
1339 790 1343 815 ,

276 837 366 889 leae
391 833 569 891 consiliorum
595 833 736 907 explicant
767 836 859 893 artes?
899 834 1038 893 Adfectus
1066 836 1183 910 quidem
1210 836 1254 895 vel

332 928 394 987 illos
412 930 493 988 mites
506 930 549 988 vel
566 930 618 988 hos
638 931 793 989 concitatos
812 949 897 988 nemo
913 932 966 990 erit
979 944 1039 989 tarn
1053 932 1188 991 indoctus
1204 930 1254 1007 qui
1335 998 1339 1008 .

332 1045 389 1085 non
412 1028 441 1085 in
462 1046 514 1085 sua
537 1039 673 1105 potestate
700 1027 775 1086 hunc
798 1041 944 1087 auctorem
964 1028 1100 1089 habuisse
1124 1030 1253 1089 fateatur.

331 1127 394 1201 Age
411 1143 487 1197 vero,
505 1144 564 1185 non
585 1125 726 1201 utriusque
748 1126 842 1201 operis
865 1126 910 1183 sui
935 1125 1063 1201 ingressu
1087 1127 1117 1185 in
1140 1126 1254 1204 paucis·
1335 1158 1340 1211 i

220 1273 223 1277 .
331 1225 409 1283 mutis
433 1224 557 1283 versibus
585 1223 678 1296 legem
706 1223 917 1305 prooemiorum
945 1241 1004 1282 non
1031 1224 1097 1371 d‘Jt
1124 1213 1252 1293 servavit,
1339 1217 1346 1251 '¹

331 1321 383 1381 sed
399 1323 564 1382 constituit?
604 1319 679 1378 Nam
700 1320 867 1379 benevolum
889 1319 1049 1379 auditorem
1075 1321 1254 1381 invocatione
1305 1364 1309 1371 .

331 1417 447 1477 dearum
460 1436 532 1495 quas
549 1416 706 1494 praesidere
721 1417 832 1477 ratibus
848 1416 986 1475 creditum
1002 1386 1067 1525 est,
1069 1426 1098 1475 et
1113 1418 1254 1475 intentum
1336 1435 1338 1441 ¹

331 1516 475 1593 proposita
492 1533 585 1573 rerum
601 1514 804 1593 magnitudine,
803 1484 847 1573 set
858 1514 982 1573 docilem
989 1529 1114 1589 ,summa
1127 1514 1255 1573 oeleriter
1336 1494 1339 1517 ³

275 1620 320 1676 40
332 1613 540 1689 oomprehensa
553 1612 626 1671 lacit.
662 1611 787 1671 Narrare
804 1630 870 1671 vero
887 1612 951 1688 quis
969 1612 1081 1673 brevius
1099 1630 1188 1690 quam
1204 1612 1255 1689 qui

186 1725 188 1731 “
332 1724 451 1769 mortem
467 1711 576 1769 nuntiat
593 1710 722 1782 Patrocli,
741 1711 805 1787 quis
823 1711 1029 1787 significantius
1051 1720 1146 1787 potest
1164 1729 1255 1788 quam

331 1809 380 1885 qui
410 1806 546 1867 Coretum
578 1809 796 1885 Aetolorumque
830 1809 971 1885 proelium
1005 1810 1146 1886 exponit?
1190 1809 1254 1867 Iam

332 1904 533 1979 similitudines,
560 1906 800 1982 amplificationes,
826 1906 966 1983 exempla,
991 1906 1146 1982 digressus,
1172 1905 1256 1987 signa
1335 1898 1343 1917 ‘

332 2022 425 2062 rernm
451 2015 479 2063 et
499 2017 664 2081 argumenta
686 2017 836 2083 ceteraque
856 2021 964 2081 genera
987 2004 1128 2079 probandi
1152 2020 1187 2061 ae
1209 2020 1254 2061 re·
1347 2078 1349 2087 ,

333 2101 439 2159 lutandi
455 2114 520 2160 sunt
535 2104 573 2161 ita
589 2103 677 2162 multa
692 2115 722 2162 ot
737 2105 823 2163 etiam
836 2103 885 2179 qui
899 2101 936 2163 de
954 2103 1062 2162 artibus
1080 2104 1255 2179 scripserunt
1272 2100 1278 2110 '

333 2199 451 2276 plurima
476 2218 572 2259 earum
595 2220 689 2260 rerum
714 2202 873 2261 testimonia
894 2203 933 2259 ab
958 2201 1013 2259 hoc
1038 2210 1124 2278 poeta
1147 2210 1254 2276 petant.
1350 2240 1352 2285 Ι

276 2304 321 2358 60
334 2293 409 2351 Nam
428 2294 556 2370 epilogus
574 2295 689 2373 quidem
708 2297 773 2373 quis
792 2314 930 2373 umquam
942 2296 1054 2373 'poterit
1075 2294 1130 2353 illis
1151 2294 1255 2351 Priami
1351 2344 1353 2367 ,

332 2392 455 2467 rogantis
470 2391 598 2452 Adrillen
619 2394 750 2470 precibus
770 2394 908 2471 aequari?
949 2392 1052 2465 Quid?
1092 2392 1129 2450 In
1151 2392 1254 2461 verbis,
1344 2385 1353 2461 ‚3

332 2489 483 2563 sententiis,
495 2490 600 2566 figuris,
614 2492 799 2569 dispositione
812 2492 898 2551 totius
916 2494 1011 2569 operis
1024 2509 1122 2551 nonne
1136 2489 1255 2549 humani
1333 2490 1351 2581 ΕΛ

331 2587 434 2664 ingenti
456 2589 573 2648 mosum
594 2589 727 2649 exoeun
747 2600 779 2649 ut
797 2589 895 2667 magn
919 2588 955 2647 ss
972 2564 1091 2649 ‘iritum
1112 2589 1174 2649 erus
1194 2604 1255 2647 non
1333 2587 1335 2592 ·

331 2672 527 2759 aemulatione,
544 2687 623 2764 quod
645 2686 704 2747 lieri
724 2705 784 2746 non
804 2697 907 2765 potest,
928 2686 980 2747 sed
1000 2687 1143 2749 intellectu
1164 2687 1254 2763 sequi.
1339 2744 1342 2751 .

208 2796 211 2802 ·
282 2782 438 2853 nvemm
460 2783 506 2844 hic
530 2802 632 2845 omnes
657 2785 718 2845 sine
743 2785 832 2845 dubio
857 2796 887 2845 et
910 2785 940 2843 in
964 2786 1045 2844 omni
1068 2804 1173 2863 genere
1195 2785 1255 2845 elo·

332 2884 461 2959 quentiae
486 2884 585 2960 procul
610 2903 629 2944 a
651 2901 684 2943 se
704 2883 823 2961 reliquit,
844 2884 943 2961 epicos
965 2893 1064 2943 tamen
1090 2884 1253 2961 praecipue,
1341 2920 1343 2923 -

332 2980 459 3041 videlicet
470 2983 537 3059 qnia
553 2982 728 3041 clarissima
720 3001 750 3041 ur
768 2983 885 3041 materia
902 2981 988 3041 simili
1006 2982 1183 3093 comparatio
1201 2978 1260 3043 est'
1336 2964 1356 3029 *t

332 3177 396 3235 mus
409 3186 453 3235 est
469 3190 618 3255 occupata,
631 3187 727 3237 tamen
741 3177 822 3236 utiles
837 3178 915 3236 circa
930 3187 1084 3255 praecepta
1097 3177 1255 3237 sententiae

331 3274 482 3351 levitasque
499 3277 649 3335 rerbomm
660 3285 691 3335 et
705 3275 920 3352 compositionis
936 3274 1099 3352 probabilis,
1114 3273 1255 3352 daturque

279 3373 359 3432 saei
390 3373 484 3451 palma
511 3374 546 3437 in
574 3373 624 3435 illo
655 3374 751 3433 medio
783 3372 1058 3450 generedicendi
1081 3370 1192 3431 Contra
1224 3370 1291 3431 in‘
1326 3420 1341 3445 „

208 3529 213 3536 .
331 3472 509 3532 Ammo
527 3474 570 3533 ris
587 3483 617 3531 et
638 3474 758 3549 gravitas
778 3482 807 3530 et
825 3454 944 3529 minime
963 3468 1079 3546 vulgare
1100 3467 1255 3545 eloquendi
1323 3458 1356 3531 i

328 3587 422 3649 ¹genus
446 3570 532 3629 habet
558 3570 680 3631 huelem.
720 3568 778 3629 Sed
804 3568 933 3656 quamvis
960 3568 987 3627 ei
1022 3564 1273 3658 seeundaslere-
1298 3632 1299 3636 η
1325 3525 1358 3649 J
