3609 4359
435 359 525 423 1.13.]
749 357 865 407 staur
886 357 1068 407 nacturus,
1359 370 1379 435 3

476 518 570 577 Nobis
582 528 680 577 summ
693 516 782 593 copia
794 532 863 575 cum
877 514 985 575 iudicio
999 514 1129 591 paranda
1142 526 1196 589 est,
1206 517 1264 577 vitn
1278 520 1380 580 orandi
1394 527 1416 581 0

435 634 496 675 non
516 615 727 675 circulatoriam
744 614 953 673 volubilitatem
977 614 1181 690 spectantibus.
1226 614 1262 673 Id
1282 628 1380 676 autem

434 731 648 790 consequemur
663 714 774 789 optima
793 711 919 787 legendo
937 725 1023 789 atque
1041 712 1204 785 audiendo;
1226 714 1380 773 nonenim

434 813 530 873 solum
556 813 676 894 nomina
698 813 764 886 ipsa
786 828 882 869 rerum
906 826 1119 887 cognoscemus
1142 810 1197 870 bac
1224 828 1302 882 curs,
1326 812 1378 871 sed

394 965 399 983 ,
434 911 514 989 quod
536 927 654 987 quoque
675 909 741 969 loco
765 909 802 967 sit
820 908 1012 986 aptissimum.
1054 907 1200 969 Omnibus
1220 909 1297 969 enim
1318 908 1413 971 iereo

434 1010 529 1069 verbis
555 1018 669 1086 praeter
695 1024 797 1085 pauca,
822 1025 899 1085 quae
927 1018 996 1067 sunt
1019 1024 1122 1084 parurn
1149 1008 1319 1077 verecunda,
1348 1009 1379 1067 in

433 1108 563 1170 oratione
586 1106 669 1167 locus
691 1119 744 1169 est.
787 1105 866 1165 Nam
889 1106 1045 1182 scriptores
1069 1105 1189 1182 quidem
1217 1107 1382 1166 lamborum
1411 1170 1416 1182 ,

382 1282 385 1288 1
433 1207 593 1282 veterisque
612 1206 782 1265 comoediae
802 1204 890 1263 etiam
911 1204 943 1262 in
964 1202 1019 1262 illis
1039 1220 1125 1280 ssepe
1147 1203 1308 1275 laudantur,
1329 1202 1381 1262 sed

383 1291 386 1297 ¹
434 1305 520 1365 nobis
541 1315 674 1363 nostrum
696 1320 772 1381 opus
793 1302 897 1361 intueri
919 1302 1039 1367 sat‘est.
1081 1300 1191 1361 Omnis
1212 1303 1310 1374 verba,
1330 1320 1382 1362 ex·

380 1431 385 1446 .
433 1402 525 1479 ceptis
540 1401 577 1460 de
596 1402 703 1479 quibus
719 1401 789 1471 diri,
803 1409 872 1459 sunt
887 1399 993 1459 alicubi
1007 1399 1135 1477 optima;
1155 1417 1227 1459 nam
1243 1408 1273 1460 et
1287 1399 1381 1459 bumi-

434 1500 509 1560 libus
529 1501 692 1559 interimet
712 1499 879 1576 vulgaribus
892 1506 937 1557 est
953 1515 1038 1575 opus,
1058 1507 1088 1574 et
1102 1514 1178 1575 quae
1196 1497 1329 1558 nib'diore
1349 1499 1380 1557 in

433 1610 513 1676 parte
538 1597 669 1657 videntur
690 1596 816 1667 sordida,
838 1596 887 1655 ubi
910 1613 956 1655 res
977 1596 1079 1673 poscit,
1100 1596 1217 1674 proprie
1235 1595 1379 1657 dicuntur.

434 1696 519 1757 Haec
532 1707 564 1755 ut
576 1696 703 1755 sciam
718 1686 806 1771 atque
824 1693 925 1753 eorum
942 1711 1004 1753 non
1022 1694 1263 1771 significationem
1276 1695 1376 1769 modo,
1391 1698 1433 1754 10

432 1794 485 1854 sed
510 1791 620 1853 formas
641 1793 730 1852 etiam
751 1809 961 1869 mensurasque
988 1792 1126 1863 norimus,
1148 1803 1181 1853 ut
1202 1793 1379 1872 ubicumque

432 1901 518 1951 erunt
532 1891 627 1967 posita
639 1890 822 1961 convenient,
838 1890 893 1948 nisi
902 1891 994 1949 multa
1002 1890 1125 1951 lectione
1135 1901 1224 1969 atque
1233 1892 1380 1954 auditione

433 1991 553 2068 adsequi
575 1990 656 2049 nullo
679 1989 768 2049 modo
788 2006 956 2066 possumus,
978 1993 1046 2049 cu'm
1070 2007 1189 2051 omnem
1214 2009 1381 2055 sermonem

409 2075 413 2164 s
433 2090 549 2149 auribus
572 2088 699 2166 primum
725 2088 912 2165 accipiamus.
963 2086 1085 2166 Propter
1109 2088 1190 2168 quod
1211 2088 1334 2152 inientes
1360 2110 1380 2153 a

433 2187 522 2245 mutis
536 2187 695 2247 nutricibus
704 2186 785 2245 iussu
794 2204 895 2264 regum
911 2186 941 2244 in
952 2185 1108 2246 solitudine
1120 2186 1245 2260 educati,
1258 2189 1379 2252 etiamsi

433 2286 520 2344 verba
532 2285 678 2362 quaedam
698 2284 827 2343 emisisse
844 2284 1004 2357 traduntur,
1019 2295 1118 2343 tamen
1138 2284 1274 2363 loquendi
1289 2288 1379 2350 facul·

432 2391 490 2441 tate
510 2392 670 2441 caruerunb
713 2381 786 2443 Sunt
807 2396 905 2441 sutem
925 2382 980 2441 alia
1002 2381 1086 2442 buius
1104 2395 1234 2454 naturae,
1250 2393 1283 2444 ul
1300 2385 1378 2449 idem
1392 2392 1427 2447 u

419 2480 561 2557 pluribus
570 2481 692 2548 ¹uocibus
713 2480 869 2553 declarent,
883 2482 923 2539 ita
939 2489 970 2538 ut
989 2478 1059 2541 nibil
1071 2480 1301 2559 significationis,
1316 2500 1377 2561 quo

384 2625 388 2636 .
431 2579 527 2657 potius
547 2578 647 2649 utaris
669 2578 786 2644 intersit.
799 2588 837 2660 Ιιιῑ
858 2574 973 2637 ‘ensis'
987 2587 1017 2637 et
1037 2576 1210 2657 ‘gladius’3
1229 2578 1287 2641 alis
1301 2600 1380 2654 vero,
1417 2562 1426 2581 ⁸

430 2677 518 2736 etiarn
537 2674 562 2734 si
583 2676 699 2753 propria
719 2692 817 2735 rerum
838 2675 1001 2753 aliquarum
1022 2676 1079 2736 sint
1098 2676 1226 2752 nomina,
1252 2686 1380 2753 τροπικαῖς

388 2774 391 2808 ³
431 2774 514 2851 quasi
526 2785 624 2832 tamen
638 2774 677 2833 ad
694 2774 822 2833 eundem
841 2772 1020 2833 intellectum
1038 2772 1174 2847 seruntur,
1188 2785 1221 2835 ut
1234 2780 1242 2806 ‘
1254 2772 1379 2839 temm'

430 2887 459 2931 et
481 2877 601 2931 ‘mucro
608 2867 627 2931 '.
668 2858 816 2948 Nam'per
832 2872 1006 2932 abusionem
1026 2872 1145 2933 sicarios
1164 2873 1253 2933 etiam
1274 2892 1380 2935 omnes
1392 2880 1431 2933 ta

430 2987 567 3030 vocatnns
580 2970 631 3046 qui
644 2968 764 3029 medem
780 2968 839 3030 telo
853 2987 1042 3048 quocumque
1056 2971 1272 3033 commisenutt.
1313 2972 1381 3033 Alia

373 3076 385 3146 ζ
429 3050 548 3129 circuitu
561 3068 716 3127 verborum
729 3067 857 3146 plurium
870 3068 1065 3139 ostendimus,
1080 3069 1218 3147 qualeest
1231 3075 1279 3132 ‘et
1289 3073 1381 3150 pressi
1435 3067 1437 3071 ’
1561 3123 1565 3131 .

375 3230 381 3249 ι
427 3168 516 3244 copia
541 3166 642 3225 lactis!
683 3155 812 3226 Plurima
833 3184 903 3226 vero
931 3170 1091 3227 mutatione
1112 3169 1288 3245 figuramus:
1318 3172 1381 3233 scio

398 3331 400 3334 ,
429 3269 510 3325 ‘non
524 3262 784 3342 ignoro'et‘non
803 3282 851 3324 me
871 3263 962 3341 iugit'
983 3276 1013 3325 et
1028 3270 1169 3326 ‘nonme
1185 3268 1380 3345 praeterit'et

373 3377 400 3440 ’ἶ
429 3364 514 3440 ‘quis
534 3362 664 3423 nesciti'
688 3372 718 3422 et
739 3363 868 3423 ‘nemini
888 3364 1012 3423 dubium
1033 3364 1104 3425 est'.
1145 3364 1204 3425 Sed
1226 3367 1315 3425 etiam
1340 3376 1430 3430 exlu
1509 3408 1513 3415 -

374 3443 399 3519 ’,ἕ
427 3461 564 3539 proximo
575 3461 699 3521 mutuari
714 3460 788 3521 licet.
831 3460 911 3521 Nam
931 3474 961 3521 et
976 3462 1131 3540 ‘intellego
1142 3464 1151 3489 '
1164 3472 1194 3523 et
1209 3464 1339 3523 ‘seniio'
1349 3474 1380 3525 et

389 3537 399 3647 ξ
429 3558 548 3646 ‘video'
571 3576 659 3637 saepe
678 3559 756 3619 idem
777 3558 1096 3638 volentequod‘scio'.
1136 3559 1272 3635 Quorum
1292 3562 1378 3621 nobis
1447 3556 1449 3561 ’

392 3649 519 3752 1-1,
624 3709 628 3715 ,
877 3686 997 3741 Η·

182 3319 192 3368 i

182 3611 190 3652 l

392 3830 396 3846 l

390 3852 437 3891 istm

390 3894 452 3928 's-“v'
543 3915 545 3920 Ι
566 3900 583 3921 1¹*
615 3904 618 3909 .

412 3925 483 3941 nun-3⁴*
529 3928 532 3931 ι
579 3933 591 3940 .,

384 3914 452 3962 ὶιιῖῧί·
469 3950 473 3955 ”
484 3947 493 3958 t*
517 3942 551 3961 .“”“
563 3949 569 3958 r
