3609 4359
382 403 421 466 28
581 415 858 465 rnsrrrrrronrs
877 415 1093 466 onsrcrrsn
1207 409 1255 476 [n.
1268 345 1354 481 ml

379 572 524 634 tinnubus
548 571 614 634 vitia
640 571 882 651 comprehendunt
910 572 1038 650 fiuntque
1071 590 1125 650 pro
1149 571 1307 650 grandibus
1341 553 1344 574 ¹

378 671 485 741 tumidi,
508 674 610 750 pressis
629 672 725 743 exiles,
750 671 869 730 fortibus
891 671 1040 742 temerarii,
1065 669 1146 730 laetis
1170 669 1306 747 corrupti,
1350 665 1354 744 i

329 770 366 828 17
378 771 539 846 compositis
562 769 725 839 exultantes,
746 768 919 846 simplicibus
941 768 1135 845 neglegentes.
1178 768 1306 844 Ideoque
1350 803 1354 842 ,

376 868 426 944 qui
453 867 563 926 horride
590 881 672 945 atque
700 866 886 943 incomposite
908 866 1046 943 quidlibet
1076 866 1145 926 illud
1172 866 1306 943 trigidum

376 977 405 1024 et
418 964 501 1026 inane
514 965 680 1039 extulerunt,
695 964 818 1042 antiquis
831 981 863 1022 se
880 982 964 1042 pares
977 963 1117 1036 credunt;
1138 964 1189 1042 qui
1209 971 1306 1023 carent

376 1064 453 1122 cultu
475 1073 560 1140 atque
582 1063 732 1132 sententiis,
753 1061 840 1121 Attici
860 1070 928 1119 sunt
947 1060 1072 1138 scilicet3
1099 1063 1150 1139 qui
1170 1061 1306 1140 praecisis
1338 1078 1350 1149 f·

375 1160 604 1222 conclusionibus
636 1159 757 1229 obscuri,
793 1156 958 1216 Sallustium
991 1167 1076 1235 atque
1111 1157 1306 1235 Thucydiden

375 1269 527 1334 superant;
545 1260 637 1318 trister
656 1275 691 1318 ac
711 1256 797 1316 ieiuni
817 1255 977 1316 Pollionem
997 1255 1177 1316 aemulantur
1183 1274 1193 1328 ;
1219 1254 1306 1315 otiosi
1344 1273 1354 1318 ,¹

375 1366 405 1417 et
417 1357 518 1434 supini,
530 1357 555 1415 si
568 1356 637 1434 quid
650 1355 739 1416 modo
756 1355 870 1432 longius
884 1353 1145 1426 circumduxerunt,
1160 1354 1253 1414 iurant
1266 1353 1306 1412 ita

326 1452 366 1509 18
377 1453 546 1514 Ciceronem
562 1453 720 1512 locaturum
738 1452 831 1512 icisse.
872 1451 1020 1512 Noveram
1039 1451 1182 1529 quosdam
1203 1451 1253 1528 qui
1273 1469 1306 1511 se

377 1550 493 1628 pulchre
510 1551 682 1627 expressisse
699 1569 791 1628 genus
803 1550 874 1610 illud
891 1549 1021 1610 caelestis
1040 1548 1123 1608 buius
1137 1548 1168 1607 in
1182 1548 1305 1609 dicendo

376 1649 426 1707 riri
440 1648 493 1707 sibi
507 1647 704 1717 viderentur,si
717 1650 746 1706 in
760 1648 885 1707 clausula
898 1648 1063 1726 posuissent
1073 1653 1150 1706 ‘esse
1160 1645 1306 1706 videatur!

376 1745 456 1821 Ergo
469 1746 591 1822 primum
604 1756 648 1804 est
660 1754 691 1804 ut
700 1746 778 1824 quod
791 1746 949 1806 imitaturus
962 1756 1005 1806 est
1014 1745 1137 1825 quisque
1151 1743 1306 1821 intellegat,

377 1854 406 1904 et
418 1861 505 1921 quare
517 1844 627 1903 bonurn
640 1844 675 1902 sit
689 1845 765 1902 sciat.

324 1943 365 2000 lc
415 1940 494 2000 Tum
513 1941 543 2000 iu
562 1940 740 2017 suscipiendo
757 1959 846 2002 onere
865 1942 998 2003 consulat
1010 1961 1086 2004 suas
1102 1943 1185 2003 vires.
1225 1939 1305 2000 Nam

376 2039 518 2117 quaedam
531 2049 598 2098 sunt
610 2039 762 2111 imitabilia,
772 2039 874 2117 quibus
888 2049 938 2100 aot
951 2040 1100 2100 infirmitas
1112 2051 1231 2099 naturae
1244 2058 1305 2099 non

375 2138 495 2197 sufficiat
511 2149 559 2197 aut
572 2137 715 2197 diversitas
733 2149 879 2216 repugnet.
920 2137 976 2210 Ne,
992 2141 1038 2198 cui
1057 2148 1143 2198 tenue
1157 2138 1304 2215 ingenium
1350 2159 1354 2235 p

375 2237 435 2307 erit,
457 2235 518 2296 sola
538 2236 604 2295 velit
624 2235 705 2296 sortia
727 2246 754 2296 et
778 2238 906 2314 abnrpta‚
931 2235 980 2296 cui
1003 2235 1075 2296 forte
1102 2236 1230 2312 quidem,
1252 2235 1304 2295 sed
1350 2277 1352 2320 t

376 2333 552 2406 indomitum,
566 2353 662 2395 amore
682 2335 840 2395 subtilitatis
859 2345 888 2393 et
906 2334 963 2393 vim
982 2351 1064 2392 suam
1083 2332 1184 2411 perdat
1201 2344 1230 2393 et
1247 2333 1305 2394 ele·

376 2433 502 2508 gantiam
514 2450 602 2509 quarn
615 2434 693 2509 cupit
706 2449 766 2490 non
780 2442 967 2509 persequatur
974 2450 983 2504 ς
1004 2430 1075 2490 nihil
1093 2441 1135 2490 est
1153 2431 1231 2490 enim
1244 2439 1305 2490 tarn
1340 2421 1352 2510 ,l

318 2535 363 2593 20
376 2528 510 2588 indecens
533 2547 620 2606 quam
642 2547 707 2588 cum
731 2527 828 2588 mollia
848 2528 920 2588 dure
944 2527 1025 2588 fiunt.
1065 2530 1161 2604 Atque
1184 2545 1240 2605 ego
1264 2528 1305 2587 illi
1349 2513 1353 2558 ¹

375 2626 549 2704 praeceptori
562 2643 647 2702 quem
660 2626 834 2685 institueram
848 2626 877 2685 in
893 2625 968 2686 libro
981 2625 1110 2685 secundo
1123 2625 1229 2685 credidi
1243 2643 1305 2685 non
1348 2563 1353 2694 Ι

373 2743 410 2784 ea
432 2723 493 2784 sola
518 2724 648 2784 docenda
670 2742 741 2793 esse,
761 2722 799 2782 ad
822 2741 897 2802 quae
923 2742 1069 2808 quemque
1097 2723 1305 2801 discipulorum
1350 2718 1353 2746 ¹

374 2833 475 2882 natura
495 2823 685 2899 compositum
708 2821 830 2893 videret;
861 2839 930 2881 nam
959 2821 984 2880 is
1005 2830 1036 2882 et
1058 2821 1191 2882 adiuvare
1218 2821 1305 2882 debet
1342 2751 1353 2900 i

373 2937 448 2998 quae
471 2919 501 2979 iu
521 2937 637 2997 quoque
660 2935 758 2980 mmm
782 2917 889 2977 invenit
913 2919 1000 2991 bona,
1020 2928 1057 2992 et,
1077 2907 1218 2996 quantum
1243 2899 1304 2979 lieri
1347 2901 1352 2984 ,l

373 3026 476 3095 potest,
502 3018 614 3076 adicere
638 3034 712 3093 quae
737 3016 841 3075 desunt
865 3024 895 3075 et
921 3015 1076 3074 emendare
1102 3017 1247 3093 quaedam
1274 3026 1304 3077 et
1340 3028 1350 3095 l

376 3125 502 3188 morarer
533 3126 626 3174 rector
648 3114 727 3174 enim
752 3124 797 3174 est
821 3113 982 3202 alienorum
1007 3113 1190 3190 ingeniorum
1218 3093 1335 3192 atquel¹

326 3211 518 3274 attomaror.
556 3211 706 3272 Difficilius
724 3221 769 3271 est
786 3213 919 3271 naturam
938 3228 1021 3272 suam
1034 3210 1151 3288 fingere.
1193 3211 1252 3273 Sed
1259 3208 1303 3272 'ne

375 3310 422 3370 iile
446 3309 561 3387 quidem
583 3309 692 3382 doctor,
712 3327 887 3387 quamquam
907 3309 1007 3370 omnia
1029 3327 1106 3388 quae
1131 3320 1210 3370 recta
1236 3319 1304 3370 sunt
1341 3357 1350 3416 ὶ

373 3407 440 3467 vetit
464 3425 527 3467 esse
551 3408 582 3466 in
607 3408 665 3467 scis
691 3406 865 3467 auditoribus
890 3424 980 3484 quam
1006 3406 1182 3486 plenissima,
1208 3407 1240 3468 iu
1265 3425 1304 3469 eo
1349 3429 1351 3442 ·

373 3515 472 3566 tamen
490 3507 536 3565 cui
555 3516 687 3566 naturam
706 3506 822 3566 obstare
840 3503 941 3564 viderit
961 3504 1111 3566 laborabit
1343 3547 1347 3578 ,

413 3593 449 3664 ld
467 3621 583 3684 quoque
601 3603 753 3676 vitandum,
771 3603 803 3663 iu
821 3620 881 3682 quc
900 3621 1008 3683 magna
1027 3613 1199 3682 parserrat,
1212 3621 1251 3666 ne
1269 3602 1301 3691 iu

1335 3697 1352 3776 ...3

1328 3832 1351 3884 [i

1333 3890 1352 3968 ql

1323 3955 1351 3980 r'!r
