3609 4359
398 431 440 499 30
606 424 881 476 Inurlwrloms
900 423 1114 476 ORATORIAE
1224 419 1271 485 [11.
1286 432 1328 488 ²⁷?

396 593 505 642 nutum
517 581 548 641 in
560 582 659 642 verbis
699 581 770 642 Illuc
782 580 955 642 intendenda
972 597 1064 655 meus,
1080 589 1222 658 quantum
1243 580 1331 640 suerit-
1363 569 1367 614 ³

396 681 450 741 illis
463 682 527 740 viris
542 679 651 760 decoris
665 682 695 740 in
712 681 797 741 rebus
815 691 901 758 atqle
916 681 1054 760 personis,
1070 681 1151 758 quod
1164 681 1325 750 consilium,
1372 707 1375 754 5

396 797 470 858 quae
495 780 650 858 dispositio,
677 797 765 859 quam
792 780 897 849 omna,
924 779 1011 839 eitam
1035 797 1110 855 quae
1144 777 1326 838 delectationi
1372 761 1374 766 ’

395 878 540 937 videantur
562 879 635 948 data,
656 878 694 937 ad
714 878 859 938 victoriam
879 887 1024 953 spectent;
1045 877 1116 954 quid
1136 888 1240 953 agatur
1260 893 1326 954 pro-
1366 883 1377 933 l

394 978 498 1047 oemio,
524 996 598 1055 quae
625 979 695 1037 ratio
723 987 751 1037 et
775 994 864 1053 quam
894 977 972 1034 varia
1005 975 1147 1046 narrandi,
1175 993 1250 1054 quae
1284 974 1327 1032 vis
1359 951 1377 1046 i

394 1077 533 1154 probandi
546 1096 581 1137 ac
594 1075 742 1148 refellendi,
757 1085 863 1152 quanta
880 1074 912 1132 in
926 1072 1084 1134 adfectibus
1102 1074 1199 1134 omnis
1212 1073 1327 1151 generis
1357 1049 1375 1185 J

394 1175 542 1234 movendis
560 1175 686 1243 scientia,
705 1191 850 1252 quamque
870 1171 932 1232 laus
951 1163 1014 1248 ipsa
1034 1171 1181 1249 popularis
1201 1171 1327 1230 utilitatis
1372 1245 1374 1252 Ι

394 1274 485 1350 gratia
497 1272 655 1351 dmmpta„
667 1290 742 1350 quae
755 1283 816 1331 turn
831 1280 875 1330 est
888 1269 1087 1348 pulcherrima,
1104 1287 1171 1328 cum
1187 1269 1327 1346 sequitur,
1366 1287 1375 1353 p

394 1387 454 1430 non
479 1389 546 1430 cnm
570 1372 724 1432 aroessitur.
778 1370 861 1430 Haec
886 1369 911 1429 si
938 1365 1153 1446 perviderimus,
1175 1375 1238 1426 tum
1258 1383 1328 1426 vere
1367 1360 1370 1368 ’

341 1469 385 1527 20
396 1469 573 1527 imitabimur.
611 1467 670 1541 Qui
682 1485 750 1528 vero
761 1468 847 1527 edam
860 1465 977 1544 propria
989 1463 1034 1524 his
1048 1465 1126 1524 bona
1139 1463 1284 1534 adiecerit,
1294 1472 1328 1524 ut
1366 1432 1382 1536 d

395 1566 524 1643 mppleat
535 1583 609 1643 quae
627 1566 753 1638 deerunt,
768 1565 953 1626 circumcidat
973 1563 997 1623 si
1016 1562 1086 1640 quid
1106 1562 1286 1635 redundabit,
1302 1563 1328 1624 is

394 1665 454 1736 erit,
474 1680 559 1741 quem
579 1663 748 1740 quaerimus,
763 1664 905 1741 perfectus
923 1673 1041 1734 oraton
1061 1679 1150 1738 quern
1165 1678 1243 1720 nunc
1257 1677 1328 1720 con·

335 1786 342 1804 ··
395 1761 531 1822 summati
550 1761 727 1838 potissimum
747 1771 886 1839 oporteat,
906 1779 973 1821 curn
994 1769 1074 1820 tanto
1094 1758 1176 1837 plura
1190 1758 1329 1836 exempla
1357 1767 1363 1795 ‘

395 1859 596 1918 benedicendi
614 1870 764 1936 supersunt
775 1876 863 1937 quam
881 1858 935 1918 illis
952 1859 1001 1936 qui
1017 1857 1112 1917 adhuc
1131 1858 1239 1917 summi
1259 1865 1328 1916 sunt

395 1957 579 2033 contigerunt.
632 1955 709 2015 Nam
737 1958 790 2016 erit
821 1956 893 2016 haec
920 1973 1037 2034 quoque
1067 1955 1129 2014 laus
1156 1971 1268 2027 eorum,
1294 1963 1327 2014 ut

396 2055 505 2134 pn‘ores
522 2072 677 2132 snperasse,
689 2069 819 2132 posteros
837 2053 969 2114 docuisse
990 2052 1130 2113 dicantur.
1370 2131 1373 2140 Δ

1370 2341 1373 2374 l

605 2398 679 2463 Quo
697 2398 795 2465 modo
813 2396 1027 2455 scribendum
1047 2396 1103 2455 sit.

369 2550 387 2605 1
436 2542 491 2603 111.
515 2543 554 2603 Et
578 2543 649 2604 haec
672 2544 788 2620 quidem
808 2543 913 2603 auxilia
932 2541 1109 2603 extrinsecus
1131 2539 1327 2618 adhibentur3
1361 2519 1373 2622 ’ξ

396 2640 428 2700 in
439 2642 473 2700 iis
489 2653 584 2702 antem
601 2659 675 2720 quae
688 2643 772 2700 nobis
789 2642 858 2719 ipsis
876 2640 1006 2718 paranda
1022 2650 1098 2712 sunt,
1111 2652 1143 2700 ut
1156 2639 1271 2713 laboris,
1285 2641 1327 2701 sic

395 2740 519 2799 utilitatis
541 2739 627 2800 etiam
649 2740 735 2815 longe
754 2739 907 2816 plurimum
929 2737 1019 2799 adfert
1042 2739 1131 2800 stilus
1181 2737 1246 2800 Nec
1273 2739 1327 2798 im·

308 2887 312 2893 .
395 2840 498 2899 merito
510 2837 551 2898 Μ.
565 2838 676 2897 Tullius
685 2837 929 2915 hunc‘optimum
939 2822 1103 2897 effectorem
1113 2838 1327 2914 scmagistrum
1361 2815 1369 2931 l

395 2936 526 2996 dicendi'
537 2945 627 3007 vocat,
644 2936 691 2994 eui
709 2935 864 2994 septemia'e
883 2951 1039 3011 personam
1061 2934 1096 2996 L.
1112 2934 1209 2996 Crassi
1223 2937 1255 2995 in
1267 2935 1328 2996 dis
1367 2935 1372 3020 l

395 3034 585 3113 putationibus
606 3051 680 3112 quae
699 3044 764 3093 mnt
786 3032 824 3093 de
845 3044 959 3092 oratore
978 3031 1170 3109 adsignando,
1189 3033 1327 3094 iudicium
1360 3021 1371 3131 3⁸

363 3141 478 3195 mum
496 3151 563 3192 cum
580 3131 654 3191 illius
671 3131 836 3190 auctoritate
851 3131 1008 3190 coniunxit.
1049 3129 1243 3191 Scribendum
1255 3127 1371 3211 ergotln

393 3247 482 3307 quam
501 3229 710 3307 diligentimime
732 3239 762 3288 et
783 3245 871 3306 quam
894 3227 1056 3305 plurimum.
1097 3225 1177 3288 Nam
1200 3239 1233 3290 ut
1253 3241 1328 3292 terra
1358 3211 1373 3312 l

395 3327 452 3387 alte
471 3327 578 3387 refossa
597 3325 767 3405 generandis
789 3325 955 3402 alendisque
982 3325 1140 3386 seminibus
1163 3327 1325 3402 secundior,
1359 3312 1379 3414 (i,

373 3420 437 3486 'sie
461 3424 601 3502 prdectus
627 3441 686 3483 non
711 3441 870 3485 asumma
896 3425 1002 3502 petitus
1029 3424 1189 3486 studiorum
1202 3422 1203 3426 ’
1216 3426 1327 3488 fructus
1345 3407 1372 3560 p

394 3523 514 3584 effundit
537 3523 652 3583 uberius
678 3532 707 3583 et
732 3522 841 3582 fidelius
872 3524 1010 3609 eontinet.
1064 3521 1142 3582 Nam
1175 3525 1238 3584 sine
1271 3524 1327 3604 hy

393 3621 510 3699 quidem
531 3620 850 3714 ‹sufflamen-illa
867 3639 905 3681 ex
926 3631 1056 3699 tempore
1074 3620 1326 3682 diueudit'aaultas
1348 3661 1364 3700 „-
