3609 4359
719 383 748 423 2.
1112 377 1655 425 INSTJTL'TIONIS
1698 377 1837 423 ΘΚΛ
1853 376 2121 425 TORJAE
2399 376 2466 437 [1.
2494 393 2540 438 3.

712 534 903 593 omnia
926 545 1027 604 est,
1052 545 1220 610 atque
1246 534 1376 592 hinc
1410 533 1628 591 initium
1654 533 1774 592 eius
1816 535 1949 592 artis
1978 533 2147 593 fuisse
2176 535 2539 595 manifestum

711 644 796 690 est
819 652 833 691 t
875 634 1185 708 proximum
1212 631 1414 690 deinde
1435 631 1685 701 imitati0,
1708 632 2076 690 novissimum
2094 634 2373 692 scribendi
2396 653 2540 710 quo·

568 766 574 773 ·
648 741 693 793 4
713 750 823 806 que
855 731 1147 806 diligentia.
1230 730 1340 788 Sed
1372 740 1430 786 ut
1463 730 1736 804 perveniri
1757 713 1851 787 vad
1880 748 2102 789 summa
2131 731 2239 789 nisi
2278 723 2365 790 ρκ’
2385 734 2540 808 prin-

713 830 866 903 cipiis
910 847 1022 886 non
1069 842 1264 905 potest,
1310 830 1383 885 ita
1428 828 1767 903 procedente
1808 828 1919 885 iarn
1961 847 2134 904 opere
2175 831 2412 888 minima
2453 832 2541 887 in-

712 928 919 1003 cipiunt
942 946 1060 985 esse
1087 946 1229 1003 quae
1257 927 1429 1002 prima
1458 937 1601 983 sunt.
1682 925 1899 983 Verum
1929 947 2034 986 nos
2063 947 2181 987 non
2209 948 2328 1006 quo
2357 930 2536 987 modo

712 1027 780 1083 sit
823 1026 1180 1083 instituendus
1219 1035 1402 1083 orator
1434 1022 1543 1081 hoc
1582 1023 1709 1082 loco
1745 1025 1981 1083 dicimus
2015 1024 2174 1105 (nam
2213 1028 2273 1086 id
2304 1027 2538 1104 quidem

711 1134 806 1181 aut
845 1123 975 1181 satis
1006 1135 1101 1180 aut
1128 1131 1273 1182 certe
1310 1120 1388 1178 uti
1418 1121 1704 1197 potuimus
1742 1120 1957 1179 dictum
1989 1123 2118 1202 est),
2158 1124 2260 1182 sed
2307 1124 2538 1193 athleta,
2580 1191 2583 1194 ,
2685 1150 2694 1160 =

709 1221 805 1298 qui
844 1239 1039 1280 ornnes
1076 1222 1189 1279 iam
1228 1218 1577 1295 perdidicerit
1614 1236 1650 1276 a
1689 1230 2050 1295 praeceptore
2084 1239 2370 1291 numeroe,
2418 1240 2540 1298 quo

710 1337 913 1397 genere
938 1316 1345 1377 exercitationis
1360 1316 1432 1375 ad
1452 1315 1758 1375 certamina
1774 1318 2197 1393 praeparandus
2212 1319 2299 1378 sit.
2363 1319 2540 1395 Igitur

710 1436 842 1477 eum
879 1418 972 1492 qui
1012 1434 1098 1475 res
1128 1416 1371 1473 invenire
1401 1425 1458 1472 et
1498 1414 1795 1489 disponere
1828 1416 1980 1486 sciet,
2011 1416 2183 1473 verba
2218 1434 2450 1494 quoque
2481 1428 2541 1476 et

713 1514 949 1591 eligendi
975 1525 1030 1573 et
1059 1511 1368 1571 collocandi
1396 1512 1671 1571 rationem
1700 1513 2026 1589 perceperit,
2055 1515 2402 1596 instruamus
2422 1532 2540 1590 qua

712 1614 925 1672 ratione
952 1611 1104 1690 quod
1129 1610 1376 1668 didicerit
1400 1607 1580 1667 facere
1606 1603 1775 1686 quam
1804 1612 2035 1688 optime,
2065 1630 2238 1690 quam
2274 1610 2539 1670 facillime

716 1712 909 1788 possit.

651 1811 692 1863 5
792 1808 927 1866 Non
953 1828 1089 1886 ergo
1122 1808 1351 1868 dubium
1383 1819 1465 1868 est
1490 1810 1627 1885 quin
1655 1808 1706 1867 ei
1740 1808 1887 1866 velut
1919 1826 2062 1885 opes
2102 1809 2213 1868 sint
2252 1809 2538 1886 quaedam

716 1906 1013 1984 parandae,
1037 1908 1235 1984 quibus
1266 1910 1358 1977 uti,
1385 1909 1724 1983 ubicumque
1761 1907 2140 1966 desideratum
2169 1908 2288 1981 erit,
2317 1908 2537 1985 possit:

650 2018 691 2070 6
714 2024 813 2064 me
839 2016 1095 2065 constant
1119 2007 1283 2083 copia
1312 2024 1492 2064 rerum
1521 2025 1589 2065 ac
1615 2006 1935 2063 verborum.
2016 2004 2128 2063 Sed
2158 2024 2249 2064 res
2275 2006 2537 2081 propriae

713 2115 841 2162 sunt
866 2105 1130 2183 cuiusque
1154 2123 1355 2164 causae
1381 2115 1475 2163 aut
1507 2105 1702 2180 paucis
1727 2120 2080 2175 communes,
2109 2104 2282 2162 verba
2322 2104 2382 2161 in
2410 2103 2536 2160 uni·

685 2218 894 2271 ‚versas
935 2203 1210 2278 parand23
1276 2221 1421 2280 quae
1471 2202 1518 2260 si
1564 2202 1729 2259 rebus
1776 2200 2010 2276 singulis
2051 2210 2243 2259 essent
2298 2201 2535 2278 singula,

633 2365 636 2368 ,
709 2300 987 2358 minorem
1026 2318 1215 2359 curam
1256 2299 1617 2376 postularent,
1655 2310 1801 2378 nam·
1829 2309 2033 2357 cuncta
2071 2316 2198 2357 sese
2238 2316 2372 2357 cum
2399 2300 2539 2375 ipsis
2633 2336 2640 2343 ·

711 2398 965 2475 protinus
988 2400 1154 2457 rebus
1168 2398 1445 2457 offerrent.
1527 2396 1639 2455 Sed
1657 2415 1787 2455 cum
1817 2397 1929 2455 sint
1947 2395 2070 2454 aliis
2097 2396 2207 2455 alia
2233 2407 2332 2455 aut
2353 2399 2538 2473 magis

711 2495 937 2572 propria
979 2507 1077 2554 aut
1113 2496 1295 2573 magis
1332 2504 1526 2555 ornata
1564 2506 1658 2553 aut
1700 2488 1837 2571 plus'
1855 2492 2153 2552 efficientia
2193 2505 2293 2553 aut
2333 2495 2538 2555 melius
2570 2516 2576 2522 ·

708 2595 1005 2668 sonantia·
1031 2594 1239 2653 debent
1289 2612 1413 2653 esse
1464 2611 1584 2653 non
1636 2591 1824 2652 solum
1875 2601 2013 2651 nota
2057 2592 2273 2665 omnia,
2324 2593 2427 2653 sed
2477 2593 2537 2681 in

705 2702 969 2770 pmmptu
1006 2701 1190 2770 atque,
1233 2702 1294 2750 ut
1338 2693 1416 2750 ita
1458 2691 1663 2762 dicam,
1702 2690 1764 2749 in
1803 2698 2136 2767 conspectu,
2174 2702 2255 2761 ut,
2295 2709 2430 2750 cum
2473 2708 2537 2751 se

707 2788 909 2848 iudicio
942 2789 1178 2849 dicentis
1217 2790 1576 2860 ostenderint,
1612 2788 1792 2847 facilis
1833 2796 1906 2847 e‘x
1944 2788 2035 2847 his
2075 2790 2428 2865 optimorum
2465 2790 2540 2848 sit

644 2890 685 2949 '7
706 2888 919 2948 electio.
996 2888 1073 2947 Et
1098 2906 1243 2966 quae
1280 2888 1431 2947 idem
1466 2887 1843 2963 significarent
1868 2886 2064 2946 solitos
2103 2887 2226 2946 scio
2262 2886 2535 2960 ediscere,
2567 2927 2573 2982 ψ.
2656 2903 2706 2957 24

706 3004 822 3065 quo
840 2985 1056 3045 facilius
1080 2995 1140 3045 et
1159 2996 1477 3045 occurreret
1495 3002 1672 3043 unum
1699 3002 1774 3042 ex
1800 2983 2068 3060 pluribus,
2091 2994 2165 3057 et,
2188 3003 2326 3044 cum
2344 2996 2537 3045 essent

705 3086 794 3143 nsi
832 3084 1039 3161 aliquo,
1087 3084 1133 3143 si
1173 3085 1339 3142 breve
1386 3084 1529 3141 intra
1575 3082 1840 3159 spatium·
1862 3099 2056 3162 rursus
2101 3083 2535 3157 desideraretur,
2592 3105 2602 3109 ·
2706 3108 2713 3136 2

704 3182 1055 3260 effugiendae
1094 3182 1439 3259 repetitionis
1480 3182 1659 3257 gratia
1701 3191 1992 3240 sumerent
2033 3180 2185 3241 aliud
2221 3199 2340 3261 quo
2380 3182 2534 3241 idem

705 3280 946 3356 intellegi
971 3289 1199 3357 posset.
1258 3277 1435 3351 Quod
1472 3296 1601 3337 cum
1641 3288 1728 3337 est
1759 3277 1981 3380 puerile
2018 3263 2079 3340 et
2116 3280 2466 3339 cuiusdam
2449 3299 2537 3339 in-

704 3378 875 3438 felicis
914 3395 1135 3455 Opeme,
1180 3386 1302 3448 tutu
1347 3376 1517 3435 etiam
1567 3376 1700 3439 mile
1744 3392 1982 3453 pamm:
2037 3378 2264 3440 turbam
2308 3386 2535 3436 tamum
2448 3336 2708 3597 Μαλέᾳ

703 3474 880 3535 mdo
917 3486 1238 3552 congrega
1270 3492 1344 3533 ex
1375 3491 1490 3550 qua
1528 3474 1653 3534 sine
1689 3473 2014 3533 discrimine
2051 3480 2298 3553 occupet
2331 3475 2545 3554 proxi·
2566 3506 2571 3509 ξ
2590 3474 2642 3535 .-‘1ss'‘-
2669 3474 2698 3497 m

703 3592 863 3633 mm
885 3574 1169 3653 quodque-
