3609 4359
348 386 366 443 8
544 394 820 443 l.t·'ST,·'Tt7'lo.t·ls
839 392 1051 441 ORATORIAE
1180 387 1212 448 [i.
1224 402 1265 449 35.
1348 338 1353 483 1

346 552 469 610 maxime
480 550 576 610 dieunt
592 562 620 608 et
632 558 859 626 argumentantur
879 550 978 607 acriter
993 546 1089 621 Stoici,
1104 558 1134 606 et
1151 546 1266 606 alterut-
1326 512 1345 597 ’ἱῖ
1350 486 1354 525 t

346 649 467 707 tionibus
479 659 563 727 atque
581 647 840 723 interrogationibus
855 655 999 707 oratorem
1019 644 1144 703 futurum
1157 644 1267 720 optime
1340 688 1344 725 ,-

294 745 477 805 ”Socratici
500 757 673 823 praeparant
716 744 771 801 Sed
793 743 837 802 his
861 762 977 820 quoque
1001 741 1197 801 adhibendum
1223 750 1267 807 ¹est
1351 754 1355 827 ὲ

346 846 434 903 simile
454 845 593 913 iudicium,
613 859 643 901 ut
662 844 745 900 etiarn
765 861 832 901 curn
854 843 882 900 in
905 843 989 901 rebus
1010 858 1155 900 versemur
1175 839 1267 899 isdem
1342 827 1353 979 ἦ

345 960 405 1001 non
423 954 516 1001 tannen
536 942 657 1000 eandem
676 958 739 999 esse
758 923 957 999 condicionem
978 938 1103 997 sciamus
1123 938 1216 997 litium
1232 954 1267 994 ac
1327 971 1348 1023 Ὺ

346 1040 570 1117 disputationum,
593 1037 647 1097 tori
672 1049 701 1097 et
728 1038 865 1108 auditorii,
893 1048 1112 1114 praeceptorum
1135 1048 1164 1095 et
1192 1036 1267 1113 peri-
1329 1026 1355 1149 J

345 1137 483 1196 culorum.
562 1162 569 1175 ·

292 1242 334 1299 ⁸¹1
384 1234 478 1295 Credo
495 1246 643 1295 exacturos
661 1234 818 1311 plerosque,
836 1251 902 1292 cum
925 1243 1034 1309 tanturn
1056 1250 1120 1317 esse
1140 1231 1267 1292 utilitatis
1344 1274 1354 1295 ,

346 1335 376 1393 in
396 1333 517 1410 legendo
537 1333 699 1405 iudioernus,
719 1342 751 1391 ut
772 1331 801 1389 id
822 1349 938 1409 quoque
960 1331 1152 1407 adiungamus
1176 1331 1267 1407 operi,
1353 1310 1359 1401 J

346 1431 394 1509 qni
406 1433 463 1490 sint
475 1430 594 1507 legendi,
608 1448 681 1506 quae
695 1431 725 1488 in
742 1440 857 1489 auctore
869 1446 986 1506 quoque
1005 1428 1159 1505 praecipua
1172 1428 1267 1487 uirtus.
1346 1404 1359 1449 ¹

292 1529 336 1586 88
347 1528 403 1588 Sed
416 1530 545 1607 persequi
557 1529 681 1605 singuios
702 1528 800 1587 infiniti
814 1526 896 1586 suerit
916 1526 1022 1604 operis.
1063 1526 1182 1605 Quippe
1199 1544 1268 1587 cum
1309 1563 1311 1568 ·

346 1626 376 1683 in
400 1624 488 1685 Bruto
508 1625 551 1684 bl.
571 1625 683 1685 Tullius
704 1635 747 1685 tot
768 1625 881 1684 milibus
903 1642 1035 1685 versuum
1064 1626 1101 1689 de
1126 1622 1280 1685 Romanis
1345 1662 1348 1672 ·

345 1732 454 1782 tanturn
472 1724 629 1782 oratonbus
648 1724 775 1801 loquatur
794 1733 823 1781 et
843 1735 939 1782 tamen
960 1722 996 1781 de
1010 1724 1146 1782 omnibus
1167 1721 1268 1781 aetatis

251 1845 256 1853 ·
345 1838 412 1879 suae
432 1816 614 1902 [quibuscum
633 1816 764 1902 virebat}
783 1822 909 1899 exceptis
931 1820 1055 1881 Caesare
1079 1833 1166 1900 atque
1188 1818 1267 1877 Mar-
1323 1876 1325 1881 .

345 1917 425 1990 cello,
438 1918 576 1977 silentium
596 1921 693 1995 egerit,
714 1920 777 1996 quis
795 1921 849 1979 erit
868 1920 973 1979 modus
994 1920 1017 1979 si
1038 1930 1066 1979 et
1087 1920 1153 1979 ilios
1173 1929 1202 1979 et
1218 1918 1267 1996 qui
1345 1999 1348 2004 1

344 2015 563 2094 postmiuerunt
576 2030 604 2077 et
615 2016 740 2077 Graecos
752 2035 852 2077 omnes
866 2034 1072 2096 persequamur
1082 2014 1126 2101 [et
1138 2006 1267 2095 philoso-
1353 2100 1355 2103 Ι

291 2128 333 2182 30
346 2108 452 2194 phos]?
491 2114 554 2173 Fuit
573 2116 655 2192 igitur
667 2116 785 2173 brevitas
805 2116 851 2174 iiia
871 2116 1010 2175 tutissima
1030 2134 1107 2193 quae
1127 2126 1171 2175 est
1191 2114 1266 2193 apud
1349 2122 1354 2169 t

345 2210 454 2270 livium
484 2214 514 2272 in
538 2212 658 2290 epistula
684 2212 721 2270 ad
753 2213 841 2270 tilium
871 2215 985 2290 scripta,
1014 2214 1173 2290 ‘legendos
1207 2212 1267 2271 De·
1358 2244 1360 2280 t

345 2310 509 2370 munbenen
527 2323 612 2390 atque
638 2310 815 2383 Ciceronem,
837 2323 897 2369 tum
920 2312 968 2384 ita,
990 2322 1021 2371 ut
1044 2312 1167 2389 quisque
1190 2321 1268 2371 esset
1358 2336 1360 2369 ε

290 2406 529 2467 wDemostheni
550 2419 581 2468 et
600 2408 731 2468 Ciceroni
752 2408 927 2468 simillimus'
969 2408 1039 2468 Non
1059 2420 1104 2469 est
1123 2408 1288 2469 dissimulo

321 2506 420 2564 >anda
444 2507 531 2565 nostri
555 2525 671 2585 quoque
697 2504 792 2564 iudicii
820 2523 940 2564 summa.
983 2492 1094 2566 Paucos
1120 2506 1199 2567 enim
1223 2508 1267 2566 vei
1335 2486 1358 2579 Ἃ,

344 2604 590 2682 potiusrixluilum
603 2604 756 2679 exbisqui
765 2614 930 2674 venustatem
945 2602 1122 2681 pertulerunt
1131 2606 1267 2666 existimo
1358 2587 1362 2623 ²

343 2716 427 2775 posse
449 2701 568 2776 reperiri,
590 2703 660 2778 quin
679 2700 812 2758 iudicium
834 2698 1033 2761 adhibentibus
1060 2701 1208 2762 adlaturus
1230 2703 1268 2761 sit
1348 2724 1354 2753 ι

344 2798 467 2857 uibrans
484 2797 597 2874 aliquid,
616 2814 681 2856 curn
699 2815 729 2855 se
745 2796 848 2856 Cicero
867 2799 905 2856 ab
925 2798 979 2857 illis
999 2816 1117 2877 quoque
1136 2801 1267 2860 vetustis·

342 2896 422 2955 simis
439 2896 605 2969 auctoribus,
624 2894 778 2971 ingeniosis
796 2894 921 2972 quidem,
941 2896 994 2955 sed
1014 2906 1074 2956 arte
1094 2898 1267 2966 carentibus,
1327 2905 1347 2929 '¹

243 3048 246 3053 ,
295 2992 494 3076 upiurimurn
511 2992 628 3051 {aternu
649 2992 783 3051 adintona
823 2990 887 3051 Nec
910 2992 1003 3053 multo
1025 2993 1104 3053 aliud
1125 2994 1162 3055 de
1184 2997 1268 3054 novis
1342 2968 1362 3033 ’θ’

343 3092 451 3164 sentio;
471 3102 573 3167 quotus
584 3090 660 3148 enirn
672 3089 791 3166 quisque
804 3090 923 3149 inveniri
943 3100 1003 3150 tarn
1022 3091 1145 3151 demens
1163 3100 1267 3169 potest,
1313 3078 1334 3161 [i

266 3238 270 3243 .
343 3187 698 3267 quineminirnaquidem
710 3174 1039 3250 alicuiuscertefiducia
1052 3190 1142 3267 partis
1155 3207 1267 3249 memo·

344 3280 772 3363 nomenmodo
811 3284 870 3359 Qu
887 3286 1268 3365 nqunoennaprtmos

345 3381 439 3443 statim
451 3388 547 3443 versus
564 3382 797 3461 deprdrendetur,
809 3394 839 3443 et
856 3384 938 3445 citius
958 3402 1014 3445 nos
1037 3384 1160 3459 dimittet
1176 3402 1267 3462 quarn
1306 3408 1311 3418 ·

1344 3108 1353 3127 u

1337 3143 1356 3179 ln

345 3482 449 3543 ineius
459 3482 541 3541 notis
556 3499 664 3558 magno
677 3482 812 3559 temporis
829 3481 1001 3543 detrimento
1016 3490 1136 3546 ¹constet
1152 3482 1267 3558 experi-
1332 3483 1340 3551 5·

245 3649 249 3657 ¹
284 3562 491 3641 'unauna'
518 3567 1115 3659 Sednonquidqnidndaiiquampartem
1132 3580 1267 3651 scientiae
1327 3536 1351 3735 ἓ

848 3862 891 3880 ΙΙ-ι,

996 3950 1041 4030 k
