3609 4359
338 389 377 436 qo
542 381 813 428 rrsrrr'tfslon'ls
834 381 904 429 0er
913 380 1048 429 TORIAE
1135 376 1205 439 [Vll.
1221 375 1260 430 18.

286 535 324 592 lu
337 549 390 592 usu
403 543 500 608 potest
539 533 670 594 Ceterum
684 537 827 614 pervenire
845 557 881 598 eo
899 537 984 598 debet
1003 548 1032 596 ut
1046 536 1183 614 cogitatio
1198 553 1259 595 non

335 631 430 706 utique
447 633 543 693 melior
560 636 595 692 sit
611 652 654 705 ca,
667 637 718 694 sed
732 637 824 708 tutior,
840 655 906 695 curn
926 636 1000 696 hanc
1020 635 1184 695 facilitatem
1198 652 1259 694 uon
1340 703 1341 706 Ἴ

334 729 362 786 in
377 748 459 805 prosa
473 732 559 792 modo
573 733 652 790 multi
668 735 722 792 sint
736 735 891 805 consecuti,
907 734 957 792 sed
975 733 1062 792 etiarn
1077 734 1107 792 in
1121 732 1259 803 carmine,
1339 727 1342 767 l

333 835 364 882 ut
387 828 531 904 Antipater
558 830 689 890 Sidonius
716 844 743 890 et
771 830 894 889 Licinius
921 831 1042 890 Archias
1069 830 1258 910 (credendum
1319 836 1323 856 '

335 924 410 984 enim
427 925 553 987 Ciceroni
569 929 722 1007 estl-non
740 930 806 1007 quia
825 929 927 987 nostris
944 946 1061 1007 quoque
1080 928 1259 1004 temporibus
1330 945 1339 970 ³«

335 1041 394 1082 non
408 1038 438 1082 et
454 1024 566 1086 iecerint
581 1027 696 1102 quidam
714 1026 769 1085 hoc
786 1037 814 1085 et
827 1026 940 1085 iaciant.
980 1025 1068 1099 Quod
1085 1038 1183 1085 tamen
1197 1045 1258 1086 non

283 1181 286 1185 ,
334 1123 427 1198 ipsum
448 1134 505 1182 taur
522 1124 667 1200 probabile
682 1137 752 1200 puto
773 1123 880 1202 (neque
900 1125 979 1183 enim
999 1123 1086 1182 habet
1106 1135 1156 1182 aut
1171 1142 1258 1183 usum

334 1239 379 1279 res
399 1232 447 1279 aut
466 1221 671 1303 necessitatem)
692 1241 779 1300 quam
807 1221 992 1281 exhortandis
1014 1223 1044 1279 in
1066 1221 1141 1280 hanc
1164 1239 1256 1298 spem,
1338 1207 1342 1270 l

280 1319 383 1396 ioqui
409 1319 471 1378 loro
501 1333 708 1396 praeparantur,
736 1321 801 1380 utile
835 1320 1008 1396 exemplum.
1051 1317 1155 1396 Neque
1189 1334 1277 1388 uero,

333 1427 411 1476 tanta
428 1435 490 1476 esse
509 1435 643 1494 umquam
658 1417 742 1478 debet
761 1419 863 1478 fiducia
883 1417 1024 1477 facilitatis
1041 1426 1072 1474 ut
1090 1433 1151 1473 non
1170 1416 1257 1474 breve
1309 1485 1318 1500 ·

331 1515 429 1572 saltem
450 1527 567 1590 tempus,
588 1516 666 1591 quod
692 1535 832 1593 nusquam
853 1517 912 1575 sere
939 1516 1036 1583 deerit,
1058 1514 1095 1572 ad
1122 1531 1159 1572 ea
1182 1532 1257 1592 quae

331 1613 431 1671 dicturi
462 1630 558 1670 sumus
590 1613 763 1689 dispicienda
789 1632 943 1686 sumamus,
970 1611 1049 1691 quod
1076 1612 1196 1688 quidem
1226 1611 1257 1670 in

332 1711 441 1770 iudiciis
457 1727 490 1768 ac
507 1709 567 1768 loro
583 1710 664 1770 datur
681 1731 807 1789 semper;
829 1731 922 1789 neque
939 1713 1017 1772 enim
1038 1712 1193 1789 quisquam
1213 1720 1257 1769 est

285 1811 381 1886 alqui
413 1826 528 1868 musam
559 1827 645 1884 quam
678 1829 738 1869 non
765 1811 894 1870 didicerit
924 1821 999 1888 agat.
1039 1809 1257 1868 Declamatores

332 1906 471 1986 quosdam
490 1925 619 1983 perversa
635 1907 713 1966 ducit
731 1908 850 1967 ambitio
865 1920 897 1967 ut
915 1907 1046 1984 exposita
1063 1907 1257 1966 controversia

332 2007 459 2083 protinus
484 2005 577 2064 dioere
597 2005 689 2078 velint,
712 2007 781 2084 quin
808 2007 902 2078 etiam,
925 2004 1005 2083 quod
1033 2016 1075 2064 est
1099 2005 1130 2062 in
1156 2003 1256 2082 primis

332 2103 461 2162 frivolum
472 2121 507 2162 ac
520 2103 688 2173 scaenicum,
701 2104 817 2162 verbum
831 2114 930 2180 petant
943 2121 1002 2179 quo
1016 2102 1162 2178 incipiant
1197 2099 1256 2159 Sed

332 2214 391 2261 tam
410 2202 627 2260 contumeliosos
645 2201 675 2258 in
694 2219 725 2259 se
746 2200 816 2259 ridet
836 2201 955 2260 invicem
975 2199 1147 2276 eloquentia,
1162 2206 1190 2257 et
1206 2198 1256 2275 qui

280 2300 422 2366 machis
446 2299 531 2357 rideri
556 2298 654 2357 eruditi
681 2296 785 2367 volunt,
807 2297 882 2356 stulti
909 2296 1024 2356 eruditis
1046 2296 1183 2355 videntur.
1224 2295 1256 2356 Si

331 2413 389 2474 qua
411 2406 505 2454 tamen
526 2396 637 2454 fortuna
658 2406 716 2453 tam
738 2395 859 2454 subitam
881 2393 976 2456 lecerit
1000 2391 1105 2468 agendi
1129 2391 1255 2451 necessi·
1333 2399 1337 2441 t

330 2502 428 2563 tatem,
440 2494 583 2552 mobiliore
602 2491 728 2570 quodam
748 2510 821 2570 opus
839 2491 892 2550 erit
909 2490 1035 2566 ingenio,
1051 2500 1080 2550 et
1096 2489 1138 2548 vis
1159 2489 1257 2549 omnis
1330 2489 1337 2572 J

330 2590 501 2652 intendenda
516 2593 599 2652 rebus
612 2601 641 2650 et
654 2592 683 2648 in
702 2590 861 2668 praesentia
879 2588 1081 2648 remittendum
1095 2587 1203 2665 aliquid
1217 2606 1255 2647 ex
1333 2583 1336 2594 ’

329 2710 399 2750 cura
410 2685 601 2762 verbommsi
619 2689 754 2766 consequi
771 2697 922 2765 utrumque
936 2705 997 2746 uon
1011 2685 1132 2744 dabitur.
1174 2684 1255 2744 Tum

330 2800 359 2848 et
377 2787 481 2847 tardior
500 2787 689 2864 pronuntiatio
708 2804 803 2846 moras
820 2784 953 2843 habetet
973 2801 1113 2860 suspensa
1130 2801 1164 2843 ac
1177 2783 1256 2842 velut
1310 2759 1334 2852 ,s

330 2885 463 2946 dubitans
481 2885 581 2956 oratio,
592 2894 624 2943 ut
643 2894 739 2943 tamen
759 2882 921 2950 deliberare,
938 2899 998 2942 nou
1018 2880 1158 2942 haesitare
1177 2880 1256 2940 vide·
1324 2903 1333 2930 x

279 2993 420 3048 mmm.
460 2982 535 3055 Hoc,
555 2983 624 3040 dum
649 2981 808 3058 egredimur
833 2997 850 3040 e
876 2989 970 3057 portu,
992 2979 1016 3038 si
1040 2996 1095 3038 nos
1123 2977 1256 3040 nondum

330 3081 432 3158 aptatis
451 3080 519 3139 satis
538 3079 718 3138 armamentis
743 3086 810 3153 aget
835 3072 953 3148 ventus3
983 3074 1089 3135 deinde
1115 3075 1255 3153 paulatim
1315 3126 1320 3148 ,

330 3178 414 3238 simu
432 3189 531 3238 euntes
550 3176 708 3253 aptabimus
728 3175 790 3235 vela
811 3185 840 3234 et
862 3172 1048 3253 disponemus
1068 3171 1206 3233 rudentes
1226 3181 1257 3232 et

330 3276 438 3354 impleri
456 3275 536 3334 sinus
554 3273 724 3350 optabimus.
761 3271 799 3332 Id
818 3271 1020 3349 potiusquam
1041 3287 1073 3330 se
1092 3270 1172 3328 inani
1193 3287 1255 3328 ver·

330 3375 433 3434 borum
451 3370 567 3433 torrenti
585 3369 652 3429 dare
671 3367 752 3447 quasi
771 3368 985 3446 tempestatibus
1005 3385 1065 3446 quo
1086 3366 1189 3433 volent,
1204 3383 1254 3426 au·

330 3471 486 3532 eandum
1332 3455 1337 3472 '

278 3577 323 3632 24
371 3568 428 3632 Sed
444 3586 504 3627 non
521 3567 629 3650 minure
647 3563 739 3625 studio
755 3565 916 3625 continetur
931 3563 1008 3624 haec
1026 3561 1147 3624 facultas
1165 3579 1254 3642 quarn
1328 3597 1334 3661 ζ
