3609 4359
413 407 514 473 11.16.]
725 409 839 458 LIBER
862 409 1044 460 DECIMUS.
1313 421 1351 483 27

411 571 472 641 vis3
492 577 593 629 contra
614 568 708 628 omnis
732 568 853 627 imitatio
874 567 949 628 lacta
969 578 1013 627 est
1033 577 1062 627 et
1082 567 1120 628 ad
1141 571 1265 630 alienum
1285 591 1353 649 pro-

412 669 539 744 positum
557 666 803 725 accommodatur.
844 665 914 738 Quo
933 667 964 724 iit
984 677 1016 724 ut
1036 667 1132 726 minus
1152 669 1300 743 sanguinis
1319 689 1354 729 ac
1366 681 1404 737 12

412 767 514 824 virium
529 765 751 824 declamationes
765 765 890 823 babeant
900 783 988 842 quarn
999 766 1153 836 orationes
1165 766 1243 844 quod
1254 767 1284 824 in
1298 767 1355 827 illis
1402 791 1405 798 ·

410 883 486 935 vera,
500 863 530 921 in
551 861 594 922 bis
615 863 775 922 adsimilata
793 863 912 922 materia
931 873 982 921 est.
1025 863 1109 922 Adde
1126 864 1207 941 quod
1226 882 1355 942 eaquae

411 959 443 1018 in
463 968 578 1017 oratore
600 959 726 1016 maxima
750 967 827 1017 sunt.
841 957 988 1016 imitabilia
1014 975 1075 1019 non
1099 969 1172 1029 sum,
1196 959 1355 1036 ingenium,

411 1057 546 1129 inventio,
562 1058 614 1128 vis,
629 1056 748 1116 facilitas
761 1068 789 1115 et
803 1056 941 1134 quidquid
957 1069 1018 1116 arte
1033 1075 1093 1115 non
1107 1056 1234 1115 traditur.
1269 1056 1404 1116 Ideo-18

411 1175 469 1234 que
487 1155 625 1234 plerique,
640 1174 707 1215 cum
721 1158 808 1214 verba
827 1156 972 1233 quaedam
992 1174 1028 1215 ex
1045 1154 1222 1214 orationibus
1235 1173 1355 1232 excerp

412 1250 511 1314 serunt
531 1265 581 1313 aut
600 1254 713 1332 aliquos
732 1254 951 1330 compositionis
971 1262 1064 1312 certos
1083 1253 1180 1330 pedes,
1194 1252 1264 1312 mire
1285 1271 1304 1311 a
1323 1271 1355 1312 se

411 1371 487 1430 quae
500 1353 631 1430 legerunt
648 1353 745 1428 effingi
765 1351 947 1423 arbitrantur,
962 1370 1029 1411 cum
1044 1361 1072 1410 et
1085 1351 1171 1410 verba
1185 1351 1356 1411 intercidant

412 1452 645 1529 invalescantque
678 1451 856 1527 temporibus
888 1447 934 1527 (ut
967 1466 1093 1526 quorum
1127 1449 1286 1508 certissima
1318 1450 1355 1510 sit
1401 1472 1404 1479 ·

411 1549 510 1624 regula
530 1550 560 1607 in
579 1545 809 1626 consuetudine),
824 1564 916 1625 eaque
935 1564 996 1606 non
1015 1565 1068 1606 sua
1087 1556 1186 1607 natura
1204 1549 1261 1606 sint
1275 1549 1355 1608 bona

411 1658 461 1706 aut
487 1647 676 1705 mala-nam
703 1663 754 1721 per
782 1662 813 1703 se
841 1646 905 1704 soni
939 1653 1051 1704 tanturn
1078 1647 1235 1706 sunt-sed
1254 1640 1354 1724 'prout

406 1755 575 1822 opportune
596 1745 768 1821 proprieque
790 1754 840 1802 aut
862 1761 946 1802 secus
967 1743 1108 1803 collocata
1128 1755 1202 1815 sunt,
1223 1756 1251 1804 et
1271 1763 1354 1804 com·

411 1844 516 1919 positio
541 1859 609 1900 curn
632 1843 719 1900 rebus
740 1841 961 1901 accommodata
985 1843 1028 1912 sit,
1050 1851 1111 1900 turn
1135 1843 1198 1919 ipsa
1217 1844 1354 1902 varietate

411 1941 582 2016 gratissima.
1351 1924 1354 1929 ¹
1400 2012 1402 2014 Ι

450 2038 637 2116 Quapropter
671 2038 856 2097 exactissimo
886 2036 994 2096 iudicio
1027 2037 1103 2096 circa
1131 2037 1207 2096 banc
1240 2049 1352 2115 partem
1364 2041 1405 2099 14

411 2137 570 2196 studiorum
605 2137 799 2196 examinanda
832 2147 900 2194 sunt
939 2137 1045 2194 omnia.
1108 2135 1244 2206 Primum,
1278 2155 1373 2216 quos·

411 2235 572 2295 imitemur:
601 2254 670 2294 nam
692 2245 759 2293 sunt
783 2235 897 2311 plurimi
922 2233 972 2312 qui
1000 2233 1212 2294 similitudinem
1235 2236 1352 2312 pessimi

411 2334 550 2410 cuiusque
562 2343 591 2394 et
605 2332 815 2409 corruptissimi
836 2333 1054 2410 concupierint:
1075 2343 1135 2391 turn
1150 2333 1179 2391 in
1193 2333 1263 2409 ipsis
1277 2349 1354 2409 quos

410 2431 590 2508 elegerimus,
601 2431 672 2508 quid
687 2432 723 2489 sit
737 2430 776 2488 ad
789 2448 864 2508 quos
879 2449 933 2490 nos
947 2431 1129 2490 efficiendum
1143 2449 1353 2508 comparemus.

410 2529 488 2588 Nam
502 2531 532 2588 in
546 2530 661 2606 magnis
676 2546 794 2607 quoque
814 2532 977 2589 auctoribus
996 2530 1125 2588 incidunt
1142 2529 1237 2607 aliqua
1250 2531 1352 2589 vitiosa
1364 2536 1407 2610 15Ι
1427 2575 1429 2580 .

378 2681 381 2685 ,
409 2638 476 2689 eta
496 2628 597 2702 doctis,
619 2630 694 2688 inter
716 2627 796 2704 ipsos
820 2628 907 2686 etiam
929 2639 1030 2686 mutuo
1050 2628 1237 2704 reprehensa;
1263 2638 1352 2706 atque

409 2728 518 2786 utinam
542 2737 603 2786 tam
626 2728 705 2786 bona
728 2726 871 2785 imitantes
892 2725 1021 2785 dicerent
1044 2725 1145 2787 melius
1165 2745 1254 2804 quam
1274 2718 1353 2787 mala

408 2825 492 2901 peius
515 2824 624 2884 dicunt.
666 2823 730 2883 Nec
753 2841 821 2883 vero
842 2823 944 2882 saltem
967 2825 1002 2883 iis
1023 2825 1128 2902 quibus
1155 2824 1193 2885 ad
1217 2823 1353 2884 evitanda

409 2923 475 2982 vitia
495 2921 593 2982 iudicii
612 2922 681 2982 satis
701 2921 753 2980 suit
774 2922 895 2981 sufficiat
916 2922 1072 2998 imaginem
1090 2924 1196 2982 virtutis
1215 2923 1353 2999 effingere

408 3033 437 3082 et
456 3021 558 3094 solam,
578 3031 611 3080 ut
630 3022 673 3080 sic
692 3020 823 3093 dixerim,
845 3029 942 3080 cutem
964 3021 1009 3078 vel
1031 3021 1126 3098 potius
1147 3021 1209 3080 illas
1232 3019 1352 3098 Epicuri

385 3103 523 3197 lfiguras,
549 3139 623 3197 quas
645 3138 663 3178 e
687 3120 809 3178 summis
833 3119 1005 3196 oorporibus
1026 3118 1093 3179 dicit
1115 3119 1240 3180 effluere.
1281 3117 1351 3180 Hoc
1362 3128 1402 3185 to

408 3229 505 3279 autem
525 3217 570 3277 his
590 3216 697 3278 accidit
715 3217 766 3295 qui
786 3233 847 3276 non
868 3217 1050 3293 introspectis
1070 3219 1184 3295 penitus
1201 3218 1352 3278 virtutibus
1389 3249 1394 3296 1

352 3315 360 3369 l
406 3317 445 3376 ad
457 3317 583 3394 primum
598 3336 629 3376 ae
642 3316 719 3375 velut
732 3316 903 3392 adspectum
918 3315 1056 3375 orationis
1069 3325 1203 3394 aptamnt
1211 3334 1221 3390 ς
1241 3326 1351 3376 etcum

406 3411 443 3471 iia
462 3411 627 3472 felicissime
650 3410 736 3471 cessit
758 3410 887 3481 imitatio,
909 3409 1003 3468 verbis
1026 3420 1113 3487 atque
1136 3411 1263 3470 numeris
1283 3418 1352 3471 aunt

354 3549 363 3593 5
406 3511 468 3571 nou
479 3511 604 3569 multum
618 3509 794 3580 differentes,
804 3507 862 3566 vim
875 3505 992 3566 dicendi
1006 3515 1093 3585 atque
1105 3506 1276 3566 inventionis
1289 3523 1351 3586 non

401 3609 612 3688 adaequamur,
627 3607 680 3668 aed
693 3603 1026 3693 plemmquedeelinant
1038 3604 1068 3663 in
1081 3605 1164 3682 peius
1176 3615 1206 3666 et
1218 3605 1351 3683 proxima
1457 3617 1467 3622 “
