3609 4359
1300 333 1309 402 l

241 460 254 467 -
325 428 370 486 44
532 420 807 470 lnurrrtlrlon'ls
827 419 1040 470 ORATORIAE
1150 414 1246 479 [Vl.6.
1304 411 1308 496 j

1304 500 1308 536 l

326 587 512 655 praeparetur,
527 589 557 637 ut
574 597 626 637 nos
644 578 756 637 lortuna
773 576 905 653 decipere
924 596 983 636 non
1000 577 1098 654 possit,
1112 575 1247 635 adiuvare
1306 603 1309 624 ι

327 676 424 753 possit
463 676 497 735 Id
511 685 604 734 autem
619 675 666 734 liet
679 676 832 733 memoriae
846 675 958 745 viribus,
974 685 1004 732 ut
1018 674 1064 733 illa
1076 693 1151 752 quae
1165 692 1247 733 com·
1306 689 1309 720 t

327 774 401 851 plexi
415 776 510 834 animo
524 792 620 834 sumus
634 772 722 830 fluant
736 791 840 842 secura,
855 790 915 830 non
929 772 1066 832 sollicitos
1082 783 1111 831 et
1130 771 1247 847 respici·
1282 791 1291 872 ἱ

326 884 406 932 entes
432 887 461 932 et
485 892 543 931 una
568 891 619 948 spe
647 888 799 946 suspensos
827 869 1029 928 recordationis
1059 887 1119 928 non
1151 870 1248 928 sinant
1291 879 1306 920 ⁸.

327 970 487 1046 providere:
514 971 616 1046 alioqui
638 969 682 1027 vel
705 967 927 1043 extemporalem
952 969 1142 1027 temeritatem
1168 965 1247 1025 malo

296 1070 415 1146 'lquam
446 1069 519 1128 male
549 1069 746 1127 cohaerentem
780 1066 989 1140 cogitationem.
1049 1065 1135 1124 Peius
1168 1065 1247 1124 enim
1302 1127 1309 1155 ¹

326 1167 468 1243 quaeritur
487 1177 629 1235 retrorsus,
648 1164 724 1241 quia,
745 1162 815 1222 dum
834 1162 882 1222 illa
900 1162 1104 1234 desideramus,
1125 1164 1164 1220 ab
1184 1161 1248 1221 aliis
1308 1185 1311 1262 ςΙ

326 1265 484 1336 avertimur,
502 1275 531 1322 et
550 1281 586 1322 ex
607 1263 746 1320 memoria
772 1262 867 1337 potius
887 1279 932 1319 res
959 1260 1081 1338 petimus
1102 1278 1190 1336 quam
1209 1278 1248 1318 ex
1308 1263 1312 1346 ξ

326 1361 450 1420 materia
483 1359 567 1419 Plura
584 1370 649 1418 sunt
668 1359 809 1430 autem,si
829 1358 972 1435 utrimque
985 1357 1182 1435 quaerendum
1196 1367 1248 1429 est,
1286 1359 1308 1440 s*

327 1475 402 1536 quae
414 1458 530 1516 inveniri
541 1469 659 1534 possunt
670 1475 759 1535 quam
770 1473 844 1533 quae
857 1457 972 1516 inventa
985 1465 1059 1514 sunt

349 1710 455 1775 Quem
465 1710 509 1766 ad
521 1711 653 1766 modum
665 1711 907 1780 Extemporalis
921 1710 1076 1768 Facilitas
1089 1711 1228 1780 paretur
1269 1714 1274 1724 ·

650 1813 686 1865 et
698 1809 915 1867 contineatur.

302 1937 320 1991 1
369 1934 437 1994 VII.
464 1935 609 1996 Maximus
634 1954 700 1997 vero
726 1938 883 1996 studiorum
912 1939 1018 1998 fructus
1045 1949 1090 1998 est
1114 1947 1145 1997 et
1172 1936 1248 1996 velut

330 2035 486 2111 praemium
505 2035 647 2112 quoddam
666 2035 871 2110 amplissimum
891 2036 970 2111 longi
991 2036 1097 2095 laboris
1116 2053 1153 2094 ex
1174 2046 1249 2094 tem-

330 2149 399 2208 pore
413 2131 522 2192 dioendi
536 2131 669 2204 iacult2s3
688 2151 775 2208 quarn
787 2133 836 2209 qui
851 2135 977 2192 nouerit
992 2143 1163 2192 consecutus
1181 2149 1249 2191 mea

331 2227 446 2304 quidem
471 2231 608 2289 sententia
633 2230 758 2289 civilibus
779 2229 879 2290 officiis
901 2231 1074 2290 renuntiabit
1101 2241 1130 2289 et
1156 2229 1249 2288 solam
1310 2291 1313 2322 1

330 2325 467 2384 scribendi
479 2326 639 2386 facultatem
652 2329 746 2404 potius
760 2327 797 2385 ad
816 2326 871 2385 alia
888 2345 977 2404 opera
994 2337 1150 2386 convertet.
1190 2326 1249 2385 Vix
1310 2325 1314 2385 Ι

330 2423 406 2481 enim
419 2423 508 2482 bonae
522 2423 587 2481 fidei
600 2425 659 2484 viro
671 2425 801 2484 convenit
818 2425 954 2483 auxilium
973 2425 1002 2482 in
1020 2425 1166 2501 publicum
1185 2423 1249 2500 pol-
1306 2411 1313 2520 j

331 2518 407 2578 liceri
425 2521 504 2597 quod
521 2521 751 2599 praesentissimis
772 2522 932 2598 quibusque
952 2521 1081 2599 periculis
1101 2520 1182 2593 desit,
1204 2522 1248 2580 in·
1310 2531 1314 2584 Ι

331 2628 403 2676 trare
421 2632 533 2695 portum
550 2619 588 2678 ad
605 2637 690 2697 quem
708 2620 788 2678 navis
805 2620 941 2679 accedere
958 2619 1013 2678 nisi
1030 2619 1142 2679 lenibus
1157 2619 1249 2678 ventis
1311 2587 1315 2692 Ι

300 2715 478 2776 2recrau0n
485 2717 987 2794 possit—siquideminnumerabiles
995 2717 1128 2777 accidunt
1139 2719 1249 2778 subitae

332 2814 508 2873 nenessitates
518 2813 561 2874 rel
574 2816 650 2892 apud
663 2816 840 2891 nugisuatus
851 2815 895 2874 vel
908 2817 1125 2892 repraesentatis
1138 2815 1249 2876 iudiciis

331 2912 466 2972 continuo
483 2912 595 2988 agendi
634 2911 763 2984 Quarum
782 2913 806 2972 si
825 2929 891 2989 qua,
911 2931 970 2972 non
990 2913 1057 2973 dico
1077 2913 1250 2991 cuicumque

332 3008 521 3068 iunooentium
551 3011 660 3082 cisium,
688 3010 739 3068 sed
768 3011 926 3069 amicorum
956 3028 990 3070 sc
1021 3013 1249 3089 propinquomm

332 3106 414 3166 alicui
439 3108 569 3180 evenerit,
588 3108 709 3168 stabitne
734 3119 830 3167 mutus
854 3119 884 3167 et
910 3108 1062 3168 salutarem
1085 3111 1250 3186 petentibus
1291 3092 1297 3120 Ι

333 3223 440 3276 vocem,
461 3206 609 3283 mumque
628 3207 652 3266 si
670 3224 730 3264 non
749 3217 927 3266 suocurratur
946 3207 1084 3283 perituris,
1103 3225 1202 3268 moras
1220 3215 1251 3266 et

335 3319 476 3361 seoessum
491 3313 520 3362 et
537 3303 678 3363 siendum
690 3313 812 3381 quaeret,
826 3303 897 3362 dum
914 3304 962 3362 illa
976 3305 1062 3363 verba
1077 3303 1251 3365 fabricentur
1298 3318 1314 3386 ,¹

304 3401 526 3460 sermemorue
542 3400 665 3460 insidant
680 3412 777 3462 etrox
790 3401 910 3460 nolanus
924 3403 1124 3479 praeparetur?
1163 3401 1251 3476 Quae
1312 3390 1317 3492 Ι

335 3515 402 3556 sero
411 3497 511 3574 patitur
521 3498 577 3559 hoc
589 3500 668 3570 ratio,
676 3511 707 3558 ut
716 3500 867 3576 quisquam
880 3498 970 3576 possit
982 3510 1080 3559 orator
1092 3499 1251 3578 aliquando
1313 3495 1317 3554 Ι

335 3594 568 3656 miseremus?
601 3595 688 3669 Quid,
698 3614 765 3655 cum
774 3595 935 3656 adremario
944 3597 1179 3674 respondendum
1188 3599 1259 3672 erit,
1314 3555 1318 3650 l

1314 3655 1318 3786 l

1294 3787 1318 3912 Ι

1315 3917 1319 3968 Ι
