3609 4359
659 368 737 414 20
1049 363 1594 412 IA‘STITCTIOA'IS
1633 363 1771 412 ORA
1785 363 2062 413 TORIAE
2279 358 2346 421 [1.
2378 374 2489 412 102.

650 519 1020 580 immortalem
1049 520 1269 581 Sallusti
1290 520 1636 580 velocitatem
1662 520 1896 581 diversis
1917 520 2219 579 virtutibus
2247 538 2491 580 consec-

652 630 780 676 utus
821 630 924 678 est.
1003 617 1152 678 Nam
1200 619 1335 678 mihi
1379 621 1602 696 egregie
1649 620 1859 678 dixisse
1904 619 2126 678 videtur
2172 618 2491 680 Szavruus

654 714 967 787 Nosuuttss,
1000 736 1161 795 pares
1198 736 1296 777 eos
1336 718 1517 792 magis
1556 734 1728 792 quam
1766 716 1977 775 similes
1995 735 2013 787 3
2054 717 2157 794 qui
2195 727 2252 775 et
2291 718 2416 794 ipse
2453 735 2490 775 a

654 816 817 874 nobis
840 815 1060 875 auditus
1086 829 1170 875 est
1196 816 1377 875 clarus
1404 817 1453 871 vi
1494 814 1702 890 ingenii
1731 823 1789 873 et
1816 815 2112 873 sententiis
2138 816 2354 888 creber,
2383 813 2488 874 sed

511 911 630 968 lc&
653 912 837 972 minus
860 931 1081 990 pressus
1106 931 1278 991 quam
1314 913 1573 971 historiae
1608 912 1906 971 auctoritas
1939 912 2206 989 postulat.
2289 910 2489 984 Quam

653 1010 879 1087 paulum
913 1023 1090 1072 aetate
1126 1011 1466 1088 praecedens
1500 1027 1634 1069 eum
1668 1008 1884 1070 Bassus
1913 1009 2203 1070 Aunmus
2237 1012 2486 1087 egregie,

653 1109 844 1186 utique
887 1109 946 1168 in
992 1109 1145 1168 libris
1188 1108 1315 1169 belli
1361 1107 1702 1178 Germanici,
1752 1096 2026 1184 praestitit
2080 1126 2293 1187 genere
2340 1109 2490 1184 ips0,

651 1207 956 1283 probabilis
992 1208 1052 1266 in
1084 1208 1366 1279 omnibus,
1395 1206 1495 1266 sed
1522 1206 1580 1265 in
1608 1204 1952 1282 quibusdam
1979 1205 2098 1264 suis
2122 1204 2247 1282 ipse
2275 1206 2488 1264 viribus

510 1306 632 1363 104
653 1305 851 1364 minor.
918 1304 1182 1383 Superest
1206 1304 1389 1364 adhuc
1414 1314 1473 1364 et
1490 1313 1731 1363 exornat
1756 1303 1959 1363 aetatis
1987 1312 2216 1363 nostrae
2244 1303 2487 1380 gloriam

652 1400 730 1459 vir
771 1401 1120 1460 saeculorum
1164 1402 1435 1461 memoria
1477 1400 1700 1478 dignus,
1748 1399 1850 1478 qui
1895 1399 2035 1460 olim
2078 1400 2487 1471 nominabitur,

650 1515 799 1558 nunc
821 1498 1171 1574 intellegitur.
1224 1497 1418 1558 Habet
1442 1509 1723 1558 amatores
1750 1517 1860 1559 nec
1889 1499 2177 1558 immerito
2206 1496 2488 1558 Casuum

648 1595 882 1666 libertas,
908 1613 1251 1672 quamquam
1285 1596 1627 1656 circumcisis
1662 1614 1810 1674 quae
1846 1596 2063 1656 dixisse
2092 1596 2146 1655 ei
2173 1606 2486 1668 nocuerat3

648 1692 750 1752 sed
772 1692 980 1751 elatum
1010 1693 1234 1752 abunde
1269 1693 1522 1770 spiritum
1556 1703 1613 1754 et
1645 1693 1896 1754 audaces
1931 1696 2246 1755 sententias
2282 1693 2488 1771 depre-

648 1789 863 1850 hendas
888 1790 1057 1849 etiam
1083 1790 1141 1849 in
1169 1789 1257 1848 bis
1281 1808 1428 1867 quae
1466 1800 1714 1851 manent.
1795 1791 1942 1851 Sunt
1968 1802 2027 1851 et
2053 1792 2146 1850 alii
2184 1791 2488 1869 scriptores

650 1889 803 1958 boni,
828 1887 931 1946 sed
954 1905 1058 1946 nos
1081 1905 1291 1964 genera
1317 1888 1699 1964 degustamus,
1727 1908 1846 1949 non
1879 1888 2253 1949 bibliothecas
2291 1899 2487 1948 excut-

652 2004 817 2044 imus.

511 2092 631 2150 105
732 2082 1001 2144 Oratores
1018 2104 1148 2145 vero
1164 2086 1247 2146 vel
1269 2086 1567 2163 praecipue
1586 2085 1852 2146 Latinam
1872 2086 2263 2164 eloquentiam
2284 2104 2487 2164 parem

655 2180 836 2240 facere
894 2181 1144 2243 Graecae
1200 2195 1472 2262 possunt;
1539 2203 1673 2243 nam
1734 2183 2083 2245 Crcaxomm
2142 2185 2488 2262 cuicumque

653 2297 845 2338 eorum
886 2280 1098 2340 sortiter
1137 2282 1520 2359 opposuerim.
1598 2281 1657 2340 N
1657 2300 1725 2342 ec
1766 2283 1975 2359 ignoro
2021 2292 2301 2358 quantam
2346 2281 2490 2342 mihi

652 2378 921 2438 concitem
950 2396 1215 2454 pugnam,
1240 2398 1372 2438 cum
1405 2380 1731 2456 praesertim
1768 2398 1890 2439 non
1919 2379 1979 2438 id
2009 2380 2086 2440 sit
2116 2381 2401 2458 propositi
2426 2391 2492 2440 ut

652 2493 785 2535 eum
821 2475 1189 2536 Demostheni
1227 2495 1556 2554 comparem
1601 2477 1712 2537 hoc
1751 2486 2045 2555 tempore3
2101 2496 2291 2556 neque
2331 2477 2490 2539 enim

654 2574 865 2644 attinet,
924 2592 1057 2647 cum
1121 2574 1548 2634 Demosthenen
1614 2576 1675 2634 in
1747 2576 1946 2653 primis
2019 2575 2332 2652 legendum
2397 2574 2492 2636 vel

511 2675 632 2732 loe
654 2671 1013 2732 ediscendum
1034 2673 1221 2748 potius
1245 2684 1454 2751 putem.
1512 2672 1774 2745 Quorum
1794 2691 1908 2752 ego
1927 2674 2161 2734 virtutes
2189 2673 2490 2752 plerasque

655 2767 885 2826 arbitror
904 2765 1126 2835 similes,
1141 2767 1451 2837 consilium,
1467 2768 1741 2836 ordinem,
1759 2767 2070 2838 dividendi,
2088 2767 2487 2845 praeparandi,

653 2865 926 2943 probandi
975 2867 1263 2937 rationem,
1309 2861 1556 2946 [omnia]
1603 2865 1849 2943 denique
1897 2884 2048 2944 quae
2103 2876 2236 2925 sunt
2289 2868 2492 2928 inven-

654 2964 840 3024 tionis.
896 2961 969 3022 In
991 2962 1311 3050 eloquendo
1330 2974 1420 3048 est.
1433 2963 1629 3064 ,aliqua
1647 2963 1973 3045 diversitas:
2014 2963 2248 3024 densior
2273 2965 2367 3025 ille
2393 2965 2493 3027 hic

654 3061 947 3138 eopiosior,
982 3060 1073 3120 ille
1103 3043 1389 3120 concludif
1420 3035 1743 3120 &suffitias
1776 3062 1871 3120 hin
1910 3061 2092 3132 latius,
2136 3072 2352 3140 pugnat
2396 3063 2488 3120 isse

653 3160 909 3219 acumine
944 3177 1175 3235 semper·
1200 3159 1291 3218 hit:
1331 3160 1647 3236 frequenter
1683 3172 1736 3220 et
1775 3160 2048 3236 pondere,
2088 3160 2164 3219 illi
2204 3160 2344 3216 nihil
2388 3160 2488 3220 de-

657 3256 798 3317 trahi
840 3268 1026 3335 potest
1069 3256 1197 3317 huic
1242 3256 1379 3316 nihil
1427 3260 1587 3328 adici,
1639 3276 1803 3316 curae
1851 3258 1979 3332 plus
2024 3260 2084 3316 in
2130 3260 2228 3316 iun
2272 3260 2332 3316 in
2376 3260 2492 3316 hur:

394 3359 404 3367 ’
512 3361 635 3421 107
658 3366 903 3416 naturae.
981 3354 1200 3414 Salibus
1222 3368 1371 3416 cette
1399 3368 1451 3412 et
1479 3356 1987 3428 commiseratione,
2016 3376 2168 3432 quae
2204 3356 2324 3412 dun
2362 3356 2488 3432 plu*

656 3454 862 3515 timum
882 3453 943 3513 in
968 3453 1279 3513 adfectibus
1295 3456 1495 3524 valent,
1515 3456 1803 3512 vincimus.
1875 3452 1947 3512 Et
1967 3452 2204 3512 sortasse
2228 3452 2488 3528 epilogos

660 3551 740 3629 illi
774 3570 900 3615 mos
936 3551 1169 3613 civitatis
1200 3551 1499 3624 abstulerit,
1539 3552 1639 3612 sed
1675 3564 1735 3612 et
1771 3552 1935 3612 nobis
1975 3552 2088 3624 illa,
2128 3568 2276 3628 quae
2316 3552 2488 3608 Attici

1707 3776 1735 3812 „
2013 3766 2212 3852 ι,
