3609 4359
300 426 340 484 42
505 423 777 473 Irl'STITUTIOXIS
798 427 868 476 otta
874 427 900 474 T
897 426 1012 475 ORIAE
1118 421 1162 486 [V.
1176 439 1218 475 ιο.
1301 345 1307 462 1

1302 465 1306 566 l

300 580 462 640 decretoriis
486 591 653 655 exerceatur,
680 594 710 642 ut
737 582 836 642 iecisse
862 582 984 642 Brutum
1011 583 1137 642 diximus
1163 599 1217 660 pro
1304 627 1306 664 3

300 677 415 736 Milone.
447 679 549 739 Melius
559 681 612 740 lroc
622 699 707 756 quam
719 682 870 740 rescribere
880 682 1020 739 veteribus
1032 680 1216 752 orationibus,
1304 673 1307 746 ᾗ

299 786 330 834 ut
349 776 413 836 iecit
433 776 542 837 Cestius
562 795 659 838 contra
679 779 823 838 Ciceronis
850 779 992 837 actionem
1011 767 1143 836 'habitam
1164 797 1217 854 pro
1280 816 1285 872 q

299 874 407 946 codem,
428 895 491 934 cum
512 877 624 936 alteram
643 885 750 954 partem
771 877 839 934 satis
864 894 950 934 nosse
976 894 1036 934 non
1060 885 1157 953 posset
1180 892 1216 934 ex
1302 929 1305 940 ,

332 972 544 1034 ladetensinue.

337 1068 424 1130 Citius
449 1085 541 1130 antem
568 1072 684 1132 idonens
710 1073 761 1132 erit
788 1073 903 1144 iuvenis,
933 1090 1021 1149 quern
1049 1081 1216 1150 praeceptor
1298 1145 1303 1156 η

296 1170 417 1245 coegerit
435 1171 465 1227 in
484 1169 667 1229 declamando
682 1187 768 1245 quam
787 1169 962 1228 simillimum
981 1187 1044 1227 esse
1058 1169 1168 1226 veritati
1187 1177 1218 1236 et·
1238 1207 1239 1212 κ
1305 1187 1307 1248 3

295 1283 347 1342 per
363 1279 435 1326 totas
450 1269 489 1325 ire
509 1269 645 1338 materias,
660 1286 779 1344 quarum
799 1285 876 1326 nunc
892 1266 1026 1325 facillima
1043 1277 1072 1325 et
1089 1267 1215 1324 maxime
1305 1267 1308 1284 ¹

296 1362 457 1424 favorabilia
476 1365 650 1440 decerpunt¹
678 1365 799 1426 Obstant
814 1364 888 1436 huic,
903 1363 984 1441 quod
1003 1363 1131 1422 secundo
1151 1360 1215 1422 loc'o
1283 1377 1303 1451 1·

294 1462 385 1538 posui,
406 1462 462 1522 sere
489 1465 570 1522 turba
594 1463 794 1540 discipulorum
821 1474 850 1522 et
877 1461 1056 1521 consuetudo
1081 1460 1216 1540 classium

295 1560 377 1618 certis
385 1560 482 1618 diebus
491 1560 699 1632 audiendarum,
711 1560 839 1620 nonnihil
850 1561 935 1618 etiam
946 1559 1092 1636 persuasio
1100 1572 1226 1635 patrum.
1250 1625 1253 1629 ,

295 1658 500 1716 numerantium
523 1659 614 1734 potius
635 1659 853 1718 declamationes
876 1675 965 1735 qnam
991 1656 1213 1715 aestimantium.

174 1744 176 1753 ’
244 1757 284 1811 22
297 1754 361 1826 Sed,
375 1755 452 1830 quod
465 1756 523 1813 dixi
536 1757 637 1832 primo,
650 1767 682 1814 ut
695 1758 821 1829 arbitror,
837 1756 917 1826 libro,
932 1774 986 1814 nec
1002 1755 1049 1813 ille
1068 1773 1099 1814 se
1118 1755 1213 1813 bonus

294 1865 456 1930 praeceptor
469 1855 573 1913 maiore
587 1872 705 1912 numero
717 1872 802 1930 quam
816 1857 955 1914 sustinere
974 1853 1064 1929 possit
1082 1851 1213 1912 onerabit

294 1963 323 2011 et
342 1951 455 2008 nimiam
478 1951 673 2029 loquacitatem
699 1951 811 2022 recidet,
831 1963 862 2009 ut
881 1951 980 2008 omnia
1000 1968 1074 2028 quae
1095 1959 1162 2008 sunt
1182 1949 1212 2006 in

294 2050 488 2120 controversia,
514 2067 583 2120 non,
608 2061 640 2108 ut
668 2049 783 2126 quidam
812 2049 917 2120 volunt,
946 2066 1019 2124 quae
1051 2049 1082 2106 in
1114 2065 1212 2106 rerum

295 2158 401 2215 natura,
421 2147 562 2217 dicantur;
593 2157 621 2205 et
640 2147 683 2204 vel
710 2147 837 2222 longiore
863 2146 959 2222 potius
982 2146 1094 2203 dierum
1118 2144 1211 2221 spatio

295 2242 399 2301 laxabit
418 2244 527 2302 dicendi
553 2246 747 2303 necessitatem
767 2244 810 2302 vcl
837 2245 969 2302 materias
996 2242 1121 2300 dividere
1148 2259 1211 2318 per·

242 2341 391 2401 atmitree
440 2341 593 2418 Diligenter
621 2341 722 2400 edecta
750 2341 815 2418 plus
844 2341 969 2418 proderit
998 2357 1087 2416 quam
1116 2339 1211 2416 plures

294 2438 441 2498 inchoatae
460 2451 489 2498 et
508 2441 588 2517 quasi
607 2441 780 2517 degustatae
820 2439 940 2516 Propter
959 2438 1039 2516 quod
1059 2437 1163 2496 accidit
1179 2445 1211 2495 ut

294 2556 348 2597 ncc
366 2555 418 2596 suo
435 2536 500 2598 loco
517 2538 639 2615 quidque
656 2550 784 2615 ponatur,
798 2555 853 2597 nec
873 2537 921 2595 illa
940 2555 1015 2614 quae
1033 2535 1127 2612 prima
1144 2544 1211 2594 sunt

293 2647 403 2696 servent
421 2654 500 2696 suam
518 2637 618 2712 legem,
631 2636 777 2696 iuvenibus
789 2635 924 2696 flosculos
939 2634 1071 2693 omnium
1086 2633 1209 2710 partium

293 2735 325 2794 in
336 2753 371 2793 ea
386 2752 458 2810 quae
469 2744 535 2792 sunt
547 2733 646 2793 dicturi
658 2734 873 2810 congerentibus
878 2751 888 2804 ;
909 2749 968 2808 quo
982 2731 1015 2790 tit
1029 2740 1062 2790 ut
1077 2731 1210 2790 timentes

293 2851 330 2893 ne
343 2832 486 2910 sequentia
497 2832 613 2910 perdant
626 2833 720 2909 priora
732 2829 915 2891 confundant.

607 3003 656 3059 De
669 3000 883 3070 cogitatione.

263 3137 283 3192 1
330 3124 383 3186 VI.
401 3124 534 3184 Proxima
552 3123 615 3184 stilo
633 3123 767 3200 cogitatio
786 3131 837 3194 est,
855 3139 931 3199 quae
948 3129 977 3182 et
996 3121 1059 3199 ipsa
1077 3121 1152 3180 vires
1169 3120 1209 3178 ab
1286 3097 1304 3130 ’³

292 3223 347 3284 boc
362 3224 505 3301 accipitet
521 3232 564 3282 est
582 3223 654 3280 inter
670 3220 811 3280 scribendi
828 3219 957 3279 laborem
970 3217 1211 3296 extemporalem·¹

291 3340 347 3400 qne
359 3321 499 3381 fortunam
515 3320 610 3380 media
621 3318 760 3398 quaedam
773 3328 804 3377 ct
815 3318 913 3377 neseio
928 3333 967 3375 an
980 3333 1049 3374 usus
1063 3315 1209 3392 frequent·

291 3421 386 3480 issimi.
424 3419 501 3478 Nam
513 3419 633 3480 scribere
646 3433 707 3476 non
720 3415 825 3491 ubique
842 3434 896 3476 nee
914 3432 1027 3492 semper
1043 3407 1208 3490 possumus,

290 3518 451 3594 mgiutinni
462 3517 596 3594 temporis
613 3533 648 3575 ac
665 3514 720 3576 loci
734 3514 887 3591 plurimum
906 3522 959 3572 est
1001 3508 1086 3570 Haec
1106 3509 1208 3588 paucis

290 3615 445 3677 admodum
455 3614 532 3675 horis
542 3631 662 3692 magnas
673 3613 759 3672 etiam
771 3629 874 3672 causas
889 3609 1088 3688 complectitur
1094 3629 1104 3685 ;
1124 3609 1208 3694 haeq
1269 3682 1272 3687 Ι
