3609 4359
479 408 521 457 vt.
535 402 573 468 ft]
789 405 905 455 LIBER
927 405 1104 454 DECIMUS.
1373 415 1416 480 43

478 563 614 641 quotiens
642 560 821 620 intermissus
848 571 891 622 est
919 581 1046 634 somnus,
1075 563 1142 639 ipsis
1170 565 1263 624 noctis
1292 567 1417 628 tenebris

478 661 642 732 adiuvatur;
665 659 737 719 haec
757 661 830 719 inter
849 661 961 722 medios
979 681 1073 720 rerum
1091 671 1171 722 actus
1190 662 1297 739 aliquid
1311 664 1417 725 inuenit

477 761 560 818 vacui
589 778 643 818 nec
671 760 761 818 otium
785 761 897 836 patitur.
949 759 1050 837 Neque
1075 778 1142 818 vero
1167 779 1261 818 rerum
1282 761 1449 822 ordinemfl

476 857 575 929 modo,
591 858 672 934 quod
693 858 788 934 ipsum
808 859 875 916 satis
894 869 963 930 erat,
984 860 1056 917 intra
1077 877 1108 917 se
1129 860 1192 934 ipsa
1212 859 1346 934 disponit,
1364 863 1416 920 sed

459 975 463 982 ·
476 958 563 1015 verba
577 957 663 1015 etiam
677 956 793 1033 copulat
807 966 954 1034 totamque
972 957 1011 1017 ita
1029 957 1153 1015 contexit
1168 957 1328 1016 orationem
1345 970 1376 1016 ut
1390 960 1417 1017 ei

475 1055 546 1115 nihil
580 1066 693 1133 praeter
722 1073 842 1113 manum
878 1056 967 1128 desit;
1009 1074 1077 1114 nam
1109 1055 1265 1114 memoriae
1297 1074 1417 1133 quoque
1443 1077 1446 1094 ¹

474 1153 646 1232 plerumque
660 1153 788 1214 inhaeret
798 1154 910 1214 fidelius
921 1154 998 1231 quod
1016 1154 1094 1213 nulia
1108 1153 1251 1214 scribendi
1265 1155 1416 1214 securitate

474 1251 596 1312 laxatur.
1158 1315 1161 1320 ,

517 1351 575 1411 Sed
589 1371 627 1412 ne
643 1351 681 1412 ad
699 1351 774 1413 hanc
792 1353 911 1429 quidem
924 1353 982 1411 vim
1001 1351 1147 1428 cogitandi
1166 1351 1305 1429 perveniri
1320 1361 1415 1426 potest

473 1459 525 1510 aut
549 1451 645 1510 subito
665 1461 714 1510 aut
734 1452 799 1510 cito.
841 1450 918 1509 Nam
941 1451 1063 1528 primum
1084 1449 1214 1510 iacienda
1236 1449 1328 1508 multo
1348 1450 1447 1511 sti108

472 1549 566 1608 forma
591 1559 644 1622 est,
674 1567 748 1625 quae
776 1566 831 1607 nos
863 1551 950 1607 etiam
973 1550 1132 1624 cogitantes
1159 1560 1314 1624 sequatur:
1350 1558 1413 1632 turn

473 1646 671 1706 adsumendus
686 1663 757 1704 usus
775 1645 922 1723 paulatim,
937 1657 968 1705 ut
986 1664 1079 1722 pauca
1097 1646 1223 1723 primum
1237 1646 1413 1724 complecta·

473 1761 539 1802 mur
552 1743 658 1814 animo,
672 1761 749 1821 quae
765 1743 846 1803 reddi
864 1743 985 1802 fideliter
1004 1744 1136 1820 possint:
1158 1762 1227 1802 mox
1249 1763 1299 1822 per
1321 1737 1413 1816 incre·
1452 1758 1455 1764 '

472 1851 572 1902 menta
592 1853 652 1900 tam
673 1841 789 1899 modica
809 1852 840 1900 ut
861 1842 973 1901 onerari
995 1859 1025 1900 se
1045 1841 1126 1901 labor
1149 1841 1194 1900 iile
1223 1859 1283 1900 non
1311 1845 1412 1902 sentiat

472 1941 608 2015 augenda
626 1940 669 1998 vis
689 1947 719 1998 et
738 1941 941 2000 exercitatione
960 1940 1050 1998 muita
1072 1939 1248 1999 continenda
1268 1952 1319 2012 est,
1337 1960 1411 2018 quae
1439 1943 1442 1994 ζ

471 2037 589 2115 quidem
615 2040 744 2098 maxima
771 2056 808 2097 ex
835 2049 916 2116 parte
943 2039 1094 2097 memoria
1111 2048 1233 2097 constat.
1285 2037 1413 2118 Ideoque

471 2136 567 2212 aliqua
585 2137 656 2196 mihi
676 2137 708 2196 in
727 2136 809 2195 illum
827 2138 924 2196 locum
941 2135 1098 2194 differenda
1118 2146 1194 2194 sunt
1233 2136 1280 2195 Eo
1294 2135 1449 2197 tandem4

471 2234 600 2311 pervenit
618 2245 652 2294 ut
679 2235 704 2294 is
731 2235 777 2295 cui
804 2253 865 2294 non
889 2235 1043 2310 refragetur
1065 2233 1214 2311 ingenium
1235 2235 1293 2292 acri
1316 2236 1412 2301 studio

470 2332 583 2393 adiutus
596 2343 709 2393 tantum
719 2344 913 2411 consequatur
927 2342 958 2391 ut
972 2333 998 2391 ei
1012 2343 1070 2390 tam
1085 2350 1159 2410 quae
1177 2333 1308 2409 cogitarit
1321 2351 1412 2412 quam

469 2449 545 2508 quae
559 2433 704 2510 scripserit
722 2443 810 2508 atque
828 2431 974 2490 edidicerit
992 2431 1023 2488 in
1041 2431 1147 2491 dicedo
1183 2431 1270 2490 fidem
1289 2443 1410 2492 servent.

469 2527 574 2590 Cicero
594 2541 671 2589 certe
692 2529 873 2589 Graecorum
894 2528 1094 2588 Metrodorum
1123 2527 1272 2606 Scepsium
1293 2541 1321 2588 et
1341 2529 1409 2588 Em·

467 2627 567 2706 pylum
582 2626 731 2687 Rbodium
751 2639 975 2704 nostrorumque
993 2627 1184 2686 Hortensium
1204 2627 1318 2687 tradidit
1334 2645 1409 2705 quae

448 2772 453 2780 .
467 2725 663 2802 cogitaverant
675 2725 715 2784 ad
727 2727 846 2784 verbum
860 2726 891 2783 in
904 2725 1018 2802 agendo
1031 2726 1178 2784 rettulisse.

509 2823 569 2884 Sed
583 2823 607 2882 si
619 2822 692 2883 forte
706 2823 794 2901 aliqui
806 2825 879 2884 inter
888 2824 1043 2883 dicendum
1054 2824 1193 2883 offulserit
1204 2825 1439 2902 extemporalis5

465 2922 556 2994 color,
570 2940 633 2982 uon
645 2922 840 2999 superstitiose
854 2922 986 3000 cogitatis
1000 2921 1117 2981 demum
1131 2932 1175 2982 est
1188 2921 1410 2983 inhaerendum·

466 3019 573 3098 Neque
592 3020 672 3079 enim
693 3030 804 3079 tantum
824 3019 932 3079 habent
952 3037 1038 3080 curae
1057 3031 1089 3080 ut
1108 3038 1168 3080 non
1189 3021 1224 3079 sit
1244 3020 1358 3080 dandus
1378 3031 1408 3080 et

430 3107 435 3129 '
464 3117 597 3180 fortunae
614 3118 705 3190 locus,
722 3135 791 3178 cum
811 3136 899 3195 saepe
919 3119 1006 3178 etiam
1027 3118 1137 3197 scriptis
1157 3137 1193 3178 ea
1213 3137 1289 3196 quse
1310 3119 1407 3180 subito

464 3226 534 3276 nata
554 3225 622 3276 sunt
640 3217 810 3276 inserantur.
851 3216 980 3293 Ideoque
1001 3228 1093 3276 totum
1114 3218 1170 3276 hoc
1195 3217 1409 3277 exercitationis·
1499 3275 1500 3280 ,

463 3333 559 3392 genus
571 3314 611 3374 ita
623 3314 832 3374 instituendum
847 3325 891 3374 est
903 3323 977 3374 utet
990 3315 1101 3391 digredi
1115 3334 1152 3375 ex
1165 3334 1202 3375 eo
1216 3325 1245 3373 et
1264 3314 1357 3375 redire
1374 3315 1406 3374 in

464 3413 495 3472 id
513 3412 598 3473 facile
616 3413 772 3490 possimus.
820 3411 899 3472 Nam
918 3424 951 3472 ut
973 3414 1099 3492 primum
1119 3423 1163 3472 est
1184 3413 1274 3472 domo
1294 3414 1439 3474 adferress

463 3521 595 3590 paratam
614 3510 730 3571 dicendi
751 3511 867 3588 copiam
885 3520 916 3570 et
934 3523 1051 3582 certam,
1070 3512 1109 3570 ita
1127 3511 1249 3571 refutare
1265 3512 1405 3588 temporis

463 3626 587 3669 munera
604 3608 693 3686 longe
713 3608 911 3682 nuidsdmum
930 3619 981 3670 est.
1022 3607 1120 3682 Quare
1141 3609 1275 3686 cogitatio
1295 3609 1326 3667 in
1348 3608 1407 3668 hoo
