3609 4359
468 435 563 503 rv.4.]
782 434 897 484 crasi·
921 435 1100 488 nacarios.

778 795 827 851 De
847 791 1100 851 Emendatione.

507 939 560 1001 lv.
590 938 724 1016 Sequitur
745 939 919 1012 emendatio,
942 957 1009 1016 pars
1034 937 1191 1000 studiorum
1211 937 1297 1016 longe
1318 939 1434 999 utilis-1

466 1039 557 1110 sima;
586 1056 682 1116 neque
704 1038 782 1099 enirn
805 1039 867 1098 sine
889 1056 979 1097 causa
1000 1036 1140 1096 creditum
1165 1047 1206 1096 est
1228 1037 1322 1095 stilum
1344 1056 1405 1098 non

466 1136 563 1195 minus
577 1155 672 1213 agere,
687 1155 756 1196 cum
769 1137 852 1196 delet.
894 1136 991 1196 Huius
1009 1147 1106 1194 autem
1119 1134 1212 1211 operis
1226 1146 1270 1194 est
1284 1135 1406 1209 adicere,

465 1230 623 1308 detrahere,
658 1245 777 1294 mutare.
819 1234 877 1293 Sed
912 1233 1024 1294 facilius
1058 1233 1088 1291 in
1123 1232 1156 1319 iis
1191 1231 1406 1310 simpliciusque

465 1328 604 1390 iudicium
616 1349 692 1409 quae
711 1331 848 1410 replenda
862 1330 906 1390 vel
922 1329 1073 1389 deicienda
1092 1339 1173 1402 sunt;
1195 1348 1324 1406 premere
1337 1348 1406 1390 vero

466 1431 615 1501 tumentia,
636 1429 754 1488 humilia
774 1429 922 1500 extollere,
939 1428 1111 1487 luxuriantia
1131 1427 1314 1504 adstringere,
1332 1427 1408 1485 inor-

401 1556 403 1559 ·
465 1525 564 1586 dinata
590 1527 728 1604 digerere,
757 1527 851 1586 soluta
877 1542 1065 1602 componere,
1093 1525 1248 1584 exultantia
1274 1544 1408 1586 coercere

465 1624 588 1701 duplicis
608 1642 716 1702 operae
725 1645 735 1698 ;
756 1642 825 1682 nam
843 1634 872 1682 et
888 1622 1055 1682 damnanda
1075 1634 1140 1682 sunt
1154 1643 1227 1701 quae
1242 1623 1408 1700 placuerant

465 1731 496 1780 et
515 1721 687 1780 invenienda
705 1739 781 1799 quae
801 1721 944 1796 fugerant
985 1721 1049 1782 Nec
1065 1721 1184 1780 dubium
1200 1733 1243 1782 est
1263 1723 1441 1799 optimum2

465 1837 528 1878 esse
548 1818 724 1880 emendandi
745 1837 847 1896 genus,
868 1821 893 1878 si
914 1819 1020 1896 scripta
1041 1820 1071 1877 in
1092 1819 1208 1896 aliquod
1228 1831 1343 1896 tempus
1364 1839 1407 1881 re·

466 1927 621 1994 ponantur,
646 1927 678 1974 ut
701 1915 740 1975 ad
767 1935 803 1976 ea
823 1927 890 1993 post
913 1917 1092 1975 intervallum
1116 1917 1191 1975 velut
1220 1905 1296 1977 nova
1320 1929 1408 1994 atque

465 2014 559 2073 aliena
568 2013 731 2085 redeamus,
740 2032 778 2072 ne
792 2015 878 2073 nobis
888 2015 995 2090 scripta
1008 2023 1107 2074 nostra
1117 2023 1265 2091 tamquam
1275 2026 1407 2074 recentes

465 2113 540 2172 fetus
568 2111 758 2171 blandiantur.
804 2112 863 2172 Sed
890 2129 986 2188 neque
1014 2109 1072 2170 hoc
1098 2112 1263 2189 contingere
1292 2119 1440 2188 semperd

464 2218 559 2288 potest
579 2210 747 2287 praesertim
772 2209 889 2281 oratori,
908 2210 954 2268 cui
979 2210 1093 2287 saepius
1116 2210 1238 2269 scribere
1261 2211 1298 2270 ad
1322 2230 1406 2288 prae·

464 2319 559 2368 sentes
579 2324 650 2368 usus
670 2325 789 2366 necesse
810 2316 862 2378 est,
883 2317 912 2366 et
933 2307 996 2383 ipsa
1016 2307 1181 2366 emendatio
1201 2308 1289 2368 finem
1310 2309 1406 2369 habet

464 2405 540 2466 Sunt
558 2405 635 2465 enim
648 2406 698 2482 qui
715 2404 754 2464 ad
772 2390 872 2464 omnia
888 2404 993 2481 scripta
1007 2414 1155 2484 tamquam
1171 2406 1269 2465 vitiosa
1288 2407 1408 2466 redeant

464 2513 502 2576 et,
526 2503 609 2581 quasi
636 2502 706 2560 nihil
733 2502 778 2562 fas
806 2501 842 2562 sit
868 2512 979 2562 rectum
1006 2504 1172 2578 essequod
1199 2504 1326 2580 primum
1353 2518 1406 2579 est,

464 2601 568 2660 melius
580 2601 747 2660 existiment
756 2600 898 2677 quidquid
911 2611 954 2660 est
965 2599 1050 2672 aliud,
1058 2601 1144 2676 idque
1155 2599 1261 2662 iaciant
1271 2605 1406 2680 quotiens

463 2699 568 2766 librum
595 2699 625 2757 in
651 2715 757 2756 manus
783 2708 1007 2774 resumpserunt,
1036 2697 1141 2758 similes
1169 2700 1288 2760 medicis
1316 2704 1405 2762 etiam

463 2793 576 2871 integra
594 2796 770 2855 secantibus.
810 2794 924 2854 Accidit
944 2795 1041 2872 itaque
1061 2807 1092 2856 ut
1112 2797 1278 2880 qicatricosa
1299 2799 1357 2858 sint
1377 2809 1406 2860 et

462 2893 624 2970 exsanguia
657 2903 686 2952 et
719 2910 790 2952 cura
820 2893 930 2970 peiora.
971 2892 1014 2952 Sit
1043 2911 1113 2970 ergo
1143 2895 1299 2972 aliquando
1325 2899 1442 2974 quoda

463 2989 577 3068 placeat
593 3000 643 3049 aut
662 2999 738 3050 certe
756 2990 835 3067 qnod
853 2989 982 3063 sufficiat,
997 3001 1029 3050 ut
1049 3009 1124 3068 opus
1144 2992 1234 3070 poliat
1254 2991 1331 3064 lima,
1345 3013 1407 3054 non

463 3097 582 3147 exterat
624 3085 780 3164 Temporis
806 3105 924 3166 quoque
958 3106 1021 3148 esse
1054 3089 1140 3148 debet
1173 3089 1286 3150 modus.
1327 3087 1408 3149 Nam

463 3185 545 3264 quod
558 3184 671 3246 Cinnae
689 3184 845 3261 Smyrnam
863 3203 971 3246 nouem
984 3188 1069 3246 annis
1081 3189 1245 3266 accepimus
1259 3187 1406 3265 scriptam,

462 3294 492 3344 et
515 3283 720 3360 panegyricum
748 3281 895 3354 isocratis,
920 3284 970 3362 qui
997 3285 1171 3362 parcissime,
1195 3284 1297 3344 decem
1321 3287 1406 3345 annis

462 3380 564 3441 dicunt
596 3379 785 3452 elaboratum,
813 3379 851 3440 ad
881 3388 1029 3441 oratorem
1064 3382 1132 3441 nihil
1163 3384 1297 3460 pertinet,
1321 3385 1404 3444 cuius

462 3478 575 3541 nullum
594 3477 657 3553 erit,
680 3478 704 3538 si
724 3477 921 3540 tamtardum
941 3477 1034 3554 inerit,
1055 3480 1202 3540 auxilinm
