3609 4359
337 391 373 432 12
534 384 806 433 rnsrrrurron'rs
828 384 1041 434 onaronraa·
1165 383 1198 445 tt.
1212 384 1252 445 58.

277 550 321 603 59
335 543 475 603 Pennis
488 544 642 619 occuparit
684 542 740 601 Sed
753 542 822 600 dum
840 542 1023 620 adsequirnur
1042 544 1118 603 illam
1133 544 1252 615 firmam,
1297 607 1299 613 ,

332 653 361 699 ut
381 642 447 718 dixi,
468 643 637 709 facilitatem,
659 642 772 716 optimis
795 640 1023 699 adsuescendum
1044 654 1088 701 est
1111 654 1140 702 et
1164 644 1254 700 multa

330 743 420 815 magis
440 760 526 818 quam
550 742 701 799 multorum
723 740 841 798 lectione
860 738 1011 798 ionnanda
1031 759 1112 800 mens
1135 752 1163 800 et
1184 741 1253 799 duc·
1354 760 1356 773 ²

328 840 418 897 endus
440 840 524 899 color.
567 839 666 914 Itaque
683 840 818 897 extribus
836 841 956 914 receptis
973 839 1129 898 Aristarchi
1148 840 1253 898 iudicio

330 938 510 1013 scriptoribus
537 937 695 995 iamborum
719 937 755 995 sd
775 938 830 1008 ἕξιν
851 938 977 995 maxime
1002 938 1153 1014 pertinebit
1177 955 1254 995 unus

276 1039 321 1093 00
332 1036 541 1095 Arcamocrrus.
573 1032 692 1092 Summa
705 1032 734 1117 in
748 1032 803 1091 hoc
816 1033 858 1090 vis
871 1026 1049 1107 elocutionis,
1063 1053 1129 1094 oum
1143 1034 1254 1092 ualidae

330 1142 391 1189 tum
409 1134 507 1192 breves
526 1134 724 1207 vibrantesque
747 1132 911 1200 sententiae,
932 1130 1085 1206 plurimum
1105 1131 1254 1207 sanguinis
1356 1140 1360 1161 ³

328 1241 414 1307 atque
433 1247 589 1300 nervorum,
602 1228 675 1287 adeo
694 1240 726 1286 ut
744 1228 870 1287 rideatur
887 1227 1070 1304 quibusdam,
1085 1229 1164 1305 quod
1182 1244 1253 1305 quo-
1332 1298 1336 1305 ·

329 1346 417 1405 quam
450 1328 543 1387 minor
568 1337 620 1395 est,
645 1327 777 1384 materiae
809 1344 881 1398 esse,
911 1344 972 1385 non
1006 1326 1113 1403 ingenii
1147 1327 1253 1385 vitium.
1357 1326 1368 1399 ,³

281 1424 443 1485 leorem
462 1443 529 1484 vero
549 1424 698 1501 lyricorum
720 1425 804 1499 longe
829 1424 979 1484 Primanus
1003 1425 1136 1502 princeps
1157 1424 1253 1501 spiritu

330 1524 546 1599 magnificentia,
561 1521 708 1581 sententiis
722 1522 826 1598 liguris,
841 1522 1005 1581 beatissima
1025 1540 1120 1583 rerum
1137 1523 1253 1581 verbor·

331 1640 435 1698 umque
464 1622 546 1696 copia
578 1632 608 1679 et
635 1619 710 1678 velut
742 1621 867 1697 quodam
900 1620 1083 1699 eloquentiae
1116 1620 1279 1706 flumineo

330 1733 444 1797 propter
456 1737 529 1795 quae
549 1717 683 1776 Horatius
697 1736 764 1788 eum
782 1720 883 1777 merito
901 1718 1021 1779 credidit
1040 1704 1148 1779 nemini
1161 1716 1253 1779 imita·
1303 1721 1312 1735 ’

278 1817 424 1879 mbilem.
465 1814 672 1885 Srasrcnoaurr,
686 1834 774 1892 quam
794 1816 829 1875 sit
848 1817 964 1891 ingenio
980 1817 1096 1890 validus,
1117 1817 1253 1877 materiae

331 1932 446 1992 quoque
463 1912 625 1983 ostendunt,
638 1914 763 1971 maxima
780 1912 854 1972 bella
870 1925 900 1973 et
914 1914 1088 1975 clarissimm
1101 1923 1253 1975 canentem

330 2015 417 2073 duces
436 2022 465 2070 et
483 2012 556 2089 epici
575 2011 708 2071 carminis
726 2030 812 2071 onera
832 2011 893 2087 lyra
912 2014 1107 2073 sustinentem.
1149 2010 1253 2072 Reddit

330 2112 407 2169 enim
432 2111 561 2186 personis
588 2110 616 2167 in
643 2110 756 2183 agendo
784 2110 869 2169 simul
895 2110 1098 2189 loquendoque
1125 2110 1253 2170 debitam
1363 2124 1365 2132 ’

331 2208 504 2283 dignitatem,
514 2226 549 2267 ac
562 2209 585 2265 si
599 2208 732 2265 tenuisset
746 2207 873 2280 modum,
883 2207 993 2267 videtur
1006 2208 1143 2268 aemulari
1156 2208 1253 2285 proxi·

332 2325 397 2365 mus
417 2306 577 2365 Homerum
597 2306 723 2382 potuisse
732 2324 742 2377 3
762 2303 814 2363 sed
830 2306 969 2364 redundat
984 2315 1072 2382 atque
1088 2303 1252 2375 effunditur,

333 2403 411 2482 quod
442 2414 473 2462 ut
502 2414 545 2462 est
574 2401 844 2479 reprehendendum,
872 2405 912 2461 ita
938 2404 1038 2479 copiae
1068 2404 1168 2461 vitium
1198 2413 1251 2462 est.
1345 2404 1371 2478 ζμ

281 2510 322 2566 m
334 2496 467 2563 Amicos
486 2503 517 2559 in
536 2513 614 2578 parte
633 2500 728 2576 operis
741 2504 847 2559 ‘aureo
867 2500 993 2576 plectro'
1007 2501 1108 2560 merito
1121 2500 1252 2570 donatur,

332 2619 390 2680 qua
408 2613 541 2676 tyrannos
560 2599 710 2657 insectatus
729 2598 849 2656 multum
872 2598 959 2657 etiam
983 2599 1110 2657 moribus
1132 2597 1252 2669 oonlert,

333 2699 363 2757 in
381 2696 540 2773 eloquendo
558 2714 671 2773 quoque
690 2694 782 2753 brevis
801 2705 830 2753 et
848 2695 1016 2771 magnificus
1035 2705 1064 2755 et
1082 2688 1204 2773 diligens
1224 2708 1254 2756 et
1296 2764 1302 2773 ἢ

333 2796 496 2873 plerumque
523 2793 626 2853 oratori
651 2791 767 2865 similis3
799 2791 910 2852 sed-et
937 2792 1003 2853 lusit
1028 2803 1058 2853 et
1081 2794 1112 2853 in
1138 2812 1253 2874 amores

827 2860 1085 2888 ’,μη-*κακία
1097 2861 1140 2872 -tuv
1147 2860 1152 2869 a
1158 2860 1166 2869 υ

280 2893 484 2965 nannai,
510 2890 908 2981 &immeramur
964 2890 1131 2967 Sumus
1159 2891 1253 2952 tenuis
1359 2955 1362 2963 .-

332 2970 600 3068 ῧῑὸςῆἵῖωουε
627 2988 743 3065 proprio
768 2998 798 3047 et
820 2987 994 3049 iucunditate
1021 2989 1147 3065 quadam
1173 3007 1254 3049 com·

331 3089 458 3151 mendari
478 3100 588 3165 potest;
615 3086 766 3162 praecipua
787 3097 885 3145 tamen
908 3085 970 3146 eius
990 3086 1023 3155 in
1043 3087 1253 3189 oommpvenda
1366 3134 1376 3175 ἶ,

332 3187 509 3247 miseratione
521 3186 615 3257 virtus,
628 3200 660 3242 m
671 3183 787 3261 quidam
807 3184 837 3241 in
854 3181 909 3243 hac
927 3200 995 3245 eum
1014 3192 1097 3262 parte
1117 3186 1254 3267 omnibus
1349 3184 1374 3207 '⁹

333 3284 497 3361 cimoperis
509 3282 666 3343 auctoribus
678 3279 844 3358 praeierant
1346 3266 1378 3347 „¹⁴

281 3397 324 3452 ω
372 3375 496 3459 Antiqua
507 3380 658 3441 comoedia
670 3396 736 3437 cum
751 3379 891 3437 docerem
908 3378 986 3439 illam
1004 3379 1155 3459 sermonisv
1164 3379 1254 3439 Attici
1334 3392 1335 3395 ’

334 3481 450 3557 gratiam
470 3496 559 3555 prope
578 3477 641 3537 sola
662 3475 771 3547 retinet,
791 3487 853 3533 tum
874 3474 1097 3537 mundissimae
1117 3477 1254 3537 libertatis

334 3590 378 3638 est
396 3590 425 3637 et
442 3577 473 3635 iu
492 3574 664 3635 metandis
681 3573 754 3632 vitiis
775 3574 946 3651 praecipua3
978 3574 1134 3652 plurimum
1154 3584 1254 3635 tamen
