3609 4359
479 393 511 439 ll.
524 384 561 448 6.]
792 387 904 438 LIBER
926 387 1103 439 DECIMUS.

810 692 860 749 Do
874 690 1076 750 Imitatione.

515 836 554 895 11.
574 837 620 895 Ex
654 837 700 896 his
730 838 887 916 ceterisque
919 835 1040 896 lectione
1067 836 1160 913 dignis
1186 839 1347 898 auctoribus
1380 840 1436 900 etl

474 935 627 994 verborum
654 935 794 993 sumenda
817 937 902 1013 copia
929 945 973 994 est
1000 945 1028 993 et
1052 936 1171 994 varietas
1200 935 1354 1012 figurarum
1380 948 1411 997 et

475 1033 671 1110 componendi
704 1034 785 1105 ratio,
815 1043 876 1092 turn
910 1033 946 1093 ad
981 1032 1145 1109 exemplum
1180 1034 1313 1093 virtutum
1347 1053 1412 1094 om·

473 1131 555 1188 nium
588 1148 672 1190 meus
703 1131 867 1208 derigenda
908 1130 1014 1208 Neque
1047 1130 1124 1188 enirn
1159 1129 1281 1190 dubitari
1315 1141 1410 1208 potest

471 1227 542 1305 quin
576 1228 645 1288 artis
678 1248 744 1306 pars
777 1247 884 1306 magna
911 1230 1090 1288 contineatur
1123 1227 1290 1288 imitatione.
1330 1228 1409 1288 Nam

471 1335 504 1384 ut
538 1327 664 1387 invenire
697 1328 820 1404 primum
854 1326 907 1386 luit
939 1335 1039 1403 estque
1072 1327 1266 1404 praecipuum,
1300 1327 1340 1387 sic
1372 1345 1410 1387 ea

471 1442 545 1502 quae
562 1427 637 1484 bene
657 1425 773 1483 inventa
795 1432 861 1484 sunt
884 1425 953 1484 utile
974 1423 1064 1500 sequi.
1104 1425 1200 1501 Atque
1220 1425 1315 1502 omnis
1335 1425 1441 1485 vitae2

471 1522 541 1581 ratio
564 1523 606 1580 sic
627 1532 746 1592 constat,
767 1531 799 1580 ut
820 1540 895 1598 quae
923 1523 1080 1599 probamus
1101 1523 1131 1580 in
1153 1521 1214 1580 aliis
1237 1522 1331 1582 lacere
1353 1523 1409 1601 ipsi

470 1621 597 1679 velimus.
639 1618 687 1678 Sic
713 1620 869 1677 litterarum
896 1619 1007 1692 ductus,
1032 1629 1064 1678 ut
1091 1621 1231 1680 scribendi
1253 1621 1303 1680 fiat
1330 1639 1408 1694 usus,

469 1719 548 1794 pueri
571 1725 748 1794 sequuntur;
781 1716 821 1774 sic
841 1718 944 1776 musici
965 1734 1066 1777 vocem
1089 1717 1262 1790 docentium,
1283 1719 1408 1795 pictores

468 1832 558 1892 opera
583 1815 719 1890 priorum,
744 1813 842 1873 rustici
869 1817 1021 1892 probatam
1046 1817 1243 1894 experimento
1267 1816 1407 1876 culturam
1513 1849 1519 1858 ·

418 1989 422 1996 ἱ
469 1912 683 1988 inexemplum
702 1912 864 1985 intuentur3
885 1914 981 1970 omnis
999 1914 1122 1992 denique
1142 1913 1309 1991 disciplinae
1327 1914 1407 1972 initia

467 2011 507 2070 ad
531 2012 711 2088 propositum
734 2012 788 2071 sibi
819 2012 1029 2090 praescriptum
1051 2011 1167 2073 formari
1190 2011 1327 2072 videmus
1367 2013 1439 2076 Etu

467 2109 582 2168 hercule
601 2127 717 2169 necesse
731 2120 774 2170 est
787 2122 836 2171 aut
854 2110 962 2169 similes
980 2116 1030 2168 aut
1044 2109 1193 2170 dissimiles
1212 2111 1295 2168 bonis
1309 2111 1407 2170 simus.

468 2206 598 2266 Similem
622 2226 688 2267 raro
709 2218 812 2268 natura
833 2215 967 2286 praestat,
989 2206 1152 2285 frequenter
1178 2208 1306 2270 imitatio.
1349 2207 1408 2269 Sed

467 2307 524 2366 hoc
547 2307 644 2388 ipsum
665 2307 745 2383 quod
767 2317 847 2369 tanto
867 2305 1024 2365 faciliorem
1044 2307 1127 2364 nobis
1147 2306 1288 2364 rationem
1310 2325 1406 2366 rerum

465 2405 597 2464 omniurn
620 2404 687 2463 facit
707 2372 796 2482 quain
817 2405 870 2464 tuit
891 2404 925 2461 iis
949 2405 998 2480 qui
1025 2403 1096 2462 nihil
1118 2403 1197 2481 quod
1221 2415 1407 2480 sequerentur

466 2503 635 2575 habuerunt,
650 2503 704 2560 nisi
718 2513 801 2561 caute
814 2513 842 2562 et
855 2520 924 2562 cum
937 2501 1044 2561 iudicio
1058 2501 1284 2578 adprehenditur,
1295 2513 1390 2562 nocet.

504 2600 582 2659 Ante
599 2602 699 2658 omnia
715 2601 801 2676 igitur
819 2601 939 2659 imitatio
958 2617 1010 2676 per
1028 2617 1059 2658 se
1077 2599 1139 2677 ipsa
1158 2617 1216 2659 non
1230 2600 1342 2672 sufficit,
1356 2601 1439 2660 vel4

433 2721 436 2727 ·
464 2700 534 2776 quia
547 2698 623 2775 pigri
647 2696 653 2711 ‘
668 2709 679 2756 t
692 2699 801 2774 ingenii
819 2707 989 2759 contentum
1003 2715 1066 2757 esse
1084 2699 1118 2758 iis
1131 2716 1205 2774 quae
1218 2699 1274 2757 sint
1287 2699 1325 2757 ab
1339 2697 1403 2758 aliis
1486 2737 1489 2744 »

463 2799 588 2858 iuventa.
624 2713 709 2868 ,guid
729 2797 809 2856 enirn
829 2796 955 2855 futurum
976 2806 1036 2856 erat
1056 2798 1231 2873 temporibus
1253 2795 1307 2856 illis
1328 2815 1404 2875 quae

464 2896 527 2956 sine
552 2895 688 2970 exemplo
712 2893 835 2966 suerunt,
861 2895 885 2954 si
910 2893 1043 2953 homines
1064 2893 1141 2964 nihil,
1165 2894 1219 2954 nisi
1242 2895 1404 2972 quodiam

462 2992 677 3070 cognovissent,
698 2991 860 3051 faciendum
880 2992 936 3050 sibi
959 3001 1008 3050 sut
1029 2992 1215 3070 cogitandum
1234 2993 1402 3069 putassent?

396 3085 421 3149 ‘l
461 3091 579 3168 Nempe
601 3089 670 3148 nihil
695 3090 793 3150 luisset
812 3091 969 3148 inventum.
1009 3087 1070 3148 Cur
1089 3089 1175 3167 igitur
1193 3089 1274 3149 stelas
1294 3101 1337 3150 est
1356 3095 1434 3150 re-o

387 3193 392 3200 '
461 3189 549 3266 periri
571 3187 682 3266 aliquid
703 3205 721 3246 a
744 3189 844 3261 nobis,-
860 3188 942 3265 quod
968 3197 1036 3246 ante
1062 3205 1122 3247 non
1148 3186 1252 3248 luerit?
1284 3187 1334 3247 An
1360 3188 1401 3248 illi

461 3286 550 3346 rudes
566 3286 630 3346 sola
648 3286 751 3345 mentis
768 3296 870 3345 natura
882 3285 962 3344 ducti
978 3293 1045 3344 sunt
1065 3285 1095 3342 in
1113 3284 1177 3356 hoc,
1191 3295 1296 3345 uttam
1311 3286 1400 3345 multa

459 3390 650 3458 generarent:
671 3397 726 3439 nos
738 3379 778 3438 ed
795 3378 995 3462 quaerendum
1013 3396 1074 3437 non
1087 3396 1124 3438 eo
1137 3379 1201 3455 ipso
1215 3379 1399 3451 concitemur,
1496 3440 1501 3450 ,

459 3477 543 3556 quod
568 3487 648 3538 certe
669 3479 776 3537 scimus
798 3477 940 3536 invenisse
965 3493 1016 3536 eos
1042 3476 1093 3553 qui
1119 3476 1320 3552 quaesierunt?
1360 3475 1433 3538 Ete

457 3594 529 3638 cum
549 3575 599 3649 illi,
612 3576 664 3654 qui
680 3574 791 3634 nullum
805 3574 976 3654 cuiusquam
989 3573 1031 3634 rei
1048 3572 1208 3633 habuerunt
1220 3573 1399 3650 magistrum,
1414 3655 1419 3665 μ
